{"event":"bts:subscription_succeeded","channel":"order_book_btcusd","data":{}}{"data":{"timestamp":"1691966358","microtimestamp":"1691966358631977","bids":[["29276","0.00298287"],["29275","0.69268418"],["29273","0.03909439"],["29271","1.53524632"],["29270","0.52500000"],["29269","0.72628304"],["29268","0.63908936"],["29267","1.02500000"],["29266","0.00223820"],["29264","0.85226474"],["29263","0.58500852"],["29262","0.00298478"],["29261","0.63929320"],["29260","1.24852413"],["29259","0.00223891"],["29257","2.53795198"],["29256","1.42882608"],["29255","0.00298573"],["29254","1.16449719"],["29253","0.12000000"],["29252","1.31908459"],["29251","1.55057840"],["29250","0.87583914"],["29249","0.01000000"],["29248","2.40535036"],["29247","0.63970140"],["29246","0.20000000"],["29245","3.11294034"],["29243","3.11339998"],["29242","3.05470000"],["29241","1.02891406"],["29240","0.63990560"],["29239","0.80500000"],["29238","0.00224106"],["29237","3.01081574"],["29236","1.39539877"],["29234","0.00298859"],["29233","0.64010991"],["29232","0.52500000"],["29231","3.78518764"],["29229","0.85725241"],["29228","0.52500000"],["29227","1.37000000"],["29225","0.52500000"],["29224","2.57350000"],["29222","0.02501539"],["29221","0.52500000"],["29218","3.78518764"],["29216","5.73027032"],["29213","0.52500000"],["29210","2.92010000"],["29208","0.02000000"],["29207","0.52500000"],["29205","0.34240200"],["29204","0.00387891"],["29203","0.52500000"],["29201","0.00089038"],["29200","20.45778992"],["29197","0.52500000"],["29194","13.69370755"],["29193","0.00600000"],["29192","1.00000000"],["29191","0.52500000"],["29190","2.38110000"],["29186","0.52500000"],["29183","7.27300000"],["29181","0.81381544"],["29178","0.52500000"],["29177","0.00299550"],["29173","0.52500000"],["29169","7.71972950"],["29165","13.67400000"],["29161","0.10000000"],["29157","4.26747060"],["29150","0.93260951"],["29146","0.34000000"],["29144","0.00220285"],["29140","0.80438163"],["29138","0.00346626"],["29128","0.00100000"],["29120","0.00586148"],["29119","14.48618970"],["29117","0.10000000"],["29111","0.01230428"],["29107","5.19179990"],["29106","0.00068508"],["29105","0.36600000"],["29101","0.00089344"],["29100","0.30407054"],["29088","0.03428788"],["29080","0.00037827"],["29077","0.17000000"],["29075","0.00340533"],["29060","0.10368203"],["29056","0.00068626"],["29051","0.10000000"],["29050","0.02000000"],["29049","0.25000000"],["29048","5.19179990"],["29047","0.00068647"]],"asks":[["29279","2.06914228"],["29281","0.04000000"],["29283","0.52500000"],["29284","0.68296680"],["29286","3.91907531"],["29287","1.31684496"],["29288","0.25650072"],["29289","0.52500000"],["29290","0.50223596"],["29291","1.12703566"],["29293","2.25836976"],["29294","0.52798070"],["29295","0.20068000"],["29296","1.74600000"],["29297","0.54428062"],["29300","0.52500000"],["29301","0.00297975"],["29302","0.28000000"],["29304","1.57023448"],["29305","2.73720000"],["29307","0.52500000"],["29308","0.00312953"],["29310","5.95554186"],["29311","1.54852731"],["29312","0.00297782"],["29314","4.38622047"],["29315","0.00223305"],["29316","1.37000000"],["29317","0.63770928"],["29318","0.52500000"],["29319","2.56597702"],["29320","0.34107009"],["29321","1.37513404"],["29322","0.00223265"],["29324","3.34430631"],["29325","0.52500000"],["29326","0.00297641"],["29328","4.31416349"],["29329","0.00223199"],["29331","1.16230344"],["29332","3.78518764"],["29333","4.12900148"],["29335","0.84959292"],["29336","0.52723123"],["29338","0.63710057"],["29339","0.52500000"],["29340","0.00297453"],["29342","0.84932274"],["29344","0.52500000"],["29345","0.63689799"],["29347","0.52500000"],["29349","0.84905256"],["29350","0.52500000"],["29352","5.49169543"],["29353","0.52500000"],["29356","1.37378262"],["29359","1.16149300"],["29362","0.52500000"],["29365","0.52500000"],["29367","2.69270000"],["29368","0.52500000"],["29371","0.52500000"],["29383","7.25100000"],["29388","13.16870755"],["29421","0.00286833"],["29427","13.79300000"],["29431","0.72000000"],["29435","0.20000000"],["29445","7.72281419"],["29452","0.00367078"],["29460","0.00400465"],["29462","0.00688000"],["29471","0.00803000"],["29472","0.00294135"],["29476","5.19179990"],["29491","0.00655500"],["29500","2.26218012"],["29502","0.00306466"],["29507","14.47600000"],["29547","0.00342391"],["29582","0.00300000"],["29591","0.00067928"],["29600","3.00090000"],["29602","0.00338968"],["29625","0.00067782"],["29645","5.19179990"],["29648","0.00344104"],["29655","0.01660953"],["29662","0.00300000"],["29694","0.15524395"],["29700","0.40000000"],["29711","0.00067725"],["29717","0.00344104"],["29732","0.00400000"],["29736","0.00067667"],["29747","0.00067642"],["29750","0.96814331"],["29800","0.23696715"],["29801","0.00087581"],["29802","0.00500000"]]},"channel":"order_book_btcusd","event":"data"}{"data":{"timestamp":"1691966358","microtimestamp":"1691966358737030","bids":[["29276","0.00298287"],["29275","0.69268418"],["29273","0.03909439"],["29272","0.68324136"],["29271","1.53524632"],["29269","0.72628304"],["29268","0.63908936"],["29267","1.02500000"],["29266","0.00223820"],["29264","0.85226474"],["29263","0.58500852"],["29262","0.00298478"],["29261","0.63929320"],["29260","1.24852413"],["29259","0.00223891"],["29257","2.53795198"],["29256","1.42882608"],["29255","0.00298573"],["29254","1.16449719"],["29253","0.12000000"],["29252","1.31908459"],["29251","1.55057840"],["29250","0.87583914"],["29249","0.01000000"],["29248","2.40535036"],["29247","0.63970140"],["29246","0.20000000"],["29245","3.11294034"],["29243","3.11339998"],["29242","3.05470000"],["29241","1.02891406"],["29240","0.63990560"],["29239","0.80500000"],["29238","0.00224106"],["29237","3.01081574"],["29236","1.39539877"],["29234","0.00298859"],["29233","0.64010991"],["29232","0.52500000"],["29231","3.78518764"],["29229","0.85725241"],["29228","0.52500000"],["29227","1.37000000"],["29225","0.52500000"],["29224","2.57350000"],["29222","0.02501539"],["29221","0.52500000"],["29218","3.78518764"],["29216","5.73027032"],["29213","0.52500000"],["29210","2.92010000"],["29208","0.02000000"],["29207","0.52500000"],["29205","0.34240200"],["29204","0.00387891"],["29203","0.52500000"],["29201","0.00089038"],["29200","20.45778992"],["29197","0.52500000"],["29194","13.69370755"],["29193","0.00600000"],["29192","1.00000000"],["29191","0.52500000"],["29190","2.38110000"],["29186","0.52500000"],["29183","7.27300000"],["29181","0.81381544"],["29178","0.52500000"],["29177","0.00299550"],["29173","0.52500000"],["29169","7.71972950"],["29165","13.67400000"],["29161","0.10000000"],["29157","4.26747060"],["29150","0.93260951"],["29146","0.34000000"],["29144","0.00220285"],["29140","0.80438163"],["29138","0.00346626"],["29128","0.00100000"],["29120","0.00586148"],["29119","14.48618970"],["29117","0.10000000"],["29111","0.01230428"],["29107","5.19179990"],["29106","0.00068508"],["29105","0.36600000"],["29101","0.00089344"],["29100","0.30407054"],["29088","0.03428788"],["29080","0.00037827"],["29077","0.17000000"],["29075","0.00340533"],["29060","0.10368203"],["29056","0.00068626"],["29051","0.10000000"],["29050","0.02000000"],["29049","0.25000000"],["29048","5.19179990"],["29047","0.00068647"]],"asks":[["29279","2.06914228"],["29281","0.04000000"],["29283","0.52500000"],["29284","0.68296680"],["29286","3.91907531"],["29287","1.31684496"],["29288","0.25650072"],["29289","0.52500000"],["29290","0.50223596"],["29291","1.12703566"],["29293","2.25836976"],["29294","0.52798070"],["29295","0.20068000"],["29296","1.74600000"],["29297","0.52723523"],["29300","0.52500000"],["29301","0.00297975"],["29302","0.28000000"],["29304","1.57023448"],["29305","2.73720000"],["29307","0.52500000"],["29308","0.00312953"],["29310","5.95554186"],["29311","1.54852731"],["29312","0.00297782"],["29314","4.38622047"],["29315","0.00223305"],["29316","1.37000000"],["29317","0.63770928"],["29318","0.52500000"],["29319","2.56597702"],["29320","0.34107009"],["29321","1.37513404"],["29322","0.00223265"],["29324","3.34430631"],["29325","0.52500000"],["29326","0.00297641"],["29328","4.31416349"],["29329","0.00223199"],["29331","1.16230344"],["29332","3.78518764"],["29333","4.12900148"],["29335","0.84959292"],["29336","0.52723123"],["29338","0.63710057"],["29339","0.52500000"],["29340","0.00297453"],["29342","0.84932274"],["29344","0.52500000"],["29345","0.63689799"],["29347","0.52500000"],["29349","0.84905256"],["29350","0.52500000"],["29352","5.49169543"],["29353","0.52500000"],["29356","1.37378262"],["29359","1.16149300"],["29362","0.52500000"],["29365","0.52500000"],["29367","2.69270000"],["29368","0.52500000"],["29371","0.52500000"],["29383","7.25100000"],["29388","13.16870755"],["29421","0.00286833"],["29427","13.79300000"],["29431","0.72000000"],["29435","0.20000000"],["29445","7.72281419"],["29452","0.00367078"],["29460","0.00400465"],["29462","0.00688000"],["29471","0.00803000"],["29472","0.00294135"],["29476","5.19179990"],["29491","0.00655500"],["29500","2.26218012"],["29502","0.00306466"],["29507","14.47600000"],["29547","0.00342391"],["29582","0.00300000"],["29591","0.00067928"],["29600","3.00090000"],["29602","0.00338968"],["29625","0.00067782"],["29645","5.19179990"],["29648","0.00344104"],["29655","0.01660953"],["29662","0.00300000"],["29694","0.15524395"],["29700","0.40000000"],["29711","0.00067725"],["29717","0.00344104"],["29732","0.00400000"],["29736","0.00067667"],["29747","0.00067642"],["29750","0.96814331"],["29800","0.23696715"],["29801","0.00087581"],["29802","0.00500000"]]},"channel":"order_book_btcusd","event":"data"}{"data":{"timestamp":"1691966359","microtimestamp":"1691966359141245","bids":[["29276","0.00298287"],["29275","0.69268418"],["29273","0.03909439"],["29272","0.68324136"],["29271","1.53524632"],["29270","0.52500000"],["29269","0.72628304"],["29268","0.63908936"],["29267","1.02500000"],["29266","0.00223820"],["29264","0.85226474"],["29263","0.58500852"],["29262","0.00298478"],["29261","0.63929320"],["29260","1.24852413"],["29259","0.00223891"],["29257","2.53795198"],["29256","1.42882608"],["29255","0.00298573"],["29254","1.16449719"],["29253","0.12000000"],["29252","1.31908459"],["29251","1.55057840"],["29250","0.87583914"],["29249","0.01000000"],["29248","2.40535036"],["29247","0.63970140"],["29246","0.20000000"],["29245","3.11294034"],["29243","3.11339998"],["29242","3.05470000"],["29241","1.02891406"],["29240","0.63990560"],["29239","0.80500000"],["29238","0.00224106"],["29237","3.01081574"],["29236","1.39539877"],["29234","0.00298859"],["29233","0.64010991"],["29232","0.52500000"],["29231","3.78518764"],["29229","0.85725241"],["29228","0.52500000"],["29227","1.37000000"],["29225","0.52500000"],["29224","2.57350000"],["29222","0.02501539"],["29221","0.52500000"],["29218","3.78518764"],["29216","5.73027032"],["29213","0.52500000"],["29210","2.92010000"],["29208","0.02000000"],["29207","0.52500000"],["29205","0.34240200"],["29204","0.00387891"],["29203","0.52500000"],["29201","0.00089038"],["29200","20.45778992"],["29197","0.52500000"],["29194","13.69370755"],["29193","0.00600000"],["29192","1.00000000"],["29191","0.52500000"],["29190","2.38110000"],["29186","0.52500000"],["29183","7.27300000"],["29181","0.81381544"],["29178","0.52500000"],["29177","0.00299550"],["29173","0.52500000"],["29169","7.71972950"],["29165","13.67400000"],["29161","0.10000000"],["29157","4.26747060"],["29150","0.93260951"],["29146","0.34000000"],["29144","0.00220285"],["29140","0.80438163"],["29138","0.00346626"],["29128","0.00100000"],["29120","0.00586148"],["29119","14.48618970"],["29117","0.10000000"],["29111","0.01230428"],["29107","5.19179990"],["29106","0.00068508"],["29105","0.36600000"],["29101","0.00089344"],["29100","0.30407054"],["29088","0.03428788"],["29080","0.00037827"],["29077","0.17000000"],["29075","0.00340533"],["29060","0.10368203"],["29056","0.00068626"],["29051","0.10000000"],["29050","0.02000000"],["29049","0.25000000"],["29048","5.19179990"]],"asks":[["29279","2.06914228"],["29281","0.04000000"],["29283","0.52500000"],["29284","0.68296680"],["29286","3.91907531"],["29287","1.31684496"],["29288","0.25650072"],["29289","0.52500000"],["29290","0.50223596"],["29291","1.12703566"],["29292","0.01704539"],["29293","2.25836976"],["29294","0.52798070"],["29295","0.20068000"],["29296","1.74600000"],["29297","0.52723523"],["29300","0.52500000"],["29301","0.00297975"],["29302","0.28000000"],["29304","1.57023448"],["29305","2.73720000"],["29307","0.52500000"],["29308","0.00312953"],["29310","5.95554186"],["29311","1.54852731"],["29312","0.00297782"],["29314","4.38622047"],["29315","0.00223305"],["29316","1.37000000"],["29317","0.63770928"],["29318","0.52500000"],["29319","2.56597702"],["29320","0.34107009"],["29321","1.37513404"],["29322","0.00223265"],["29324","3.34430631"],["29325","0.52500000"],["29326","0.00297641"],["29328","4.31416349"],["29329","0.00223199"],["29331","1.16230344"],["29332","3.78518764"],["29333","4.12900148"],["29335","0.84959292"],["29336","0.52723123"],["29338","0.63710057"],["29339","0.52500000"],["29340","0.00297453"],["29342","0.84932274"],["29344","0.52500000"],["29345","0.63689799"],["29347","0.52500000"],["29349","0.84905256"],["29350","0.52500000"],["29352","5.49169543"],["29353","0.52500000"],["29356","1.37378262"],["29359","1.16149300"],["29362","0.52500000"],["29365","0.52500000"],["29367","2.69270000"],["29368","0.52500000"],["29371","0.52500000"],["29383","7.25100000"],["29388","13.16870755"],["29421","0.00286833"],["29427","13.79300000"],["29431","0.72000000"],["29435","0.20000000"],["29445","7.72281419"],["29452","0.00367078"],["29460","0.00400465"],["29462","0.00688000"],["29471","0.00803000"],["29472","0.00294135"],["29476","5.19179990"],["29491","0.00655500"],["29500","2.26218012"],["29502","0.00306466"],["29507","14.47600000"],["29547","0.00342391"],["29582","0.00300000"],["29591","0.00067928"],["29600","3.00090000"],["29602","0.00338968"],["29625","0.00067782"],["29645","5.19179990"],["29648","0.00344104"],["29655","0.01660953"],["29662","0.00300000"],["29694","0.15524395"],["29700","0.40000000"],["29711","0.00067725"],["29717","0.00344104"],["29732","0.00400000"],["29736","0.00067667"],["29747","0.00067642"],["29750","0.96814331"],["29800","0.23696715"],["29801","0.00087581"]]},"channel":"order_book_btcusd","event":"data"}{"data":{"timestamp":"1691966359","microtimestamp":"1691966359631179","bids":[["29276","0.00298287"],["29275","0.69268418"],["29274","0.03612933"],["29273","0.52723749"],["29271","0.85199300"],["29270","0.52500000"],["29269","0.00298382"],["29268","1.13908936"],["29267","0.56500000"],["29266","0.00223820"],["29264","0.85226474"],["29263","1.26844219"],["29262","0.00298478"],["29261","0.63929320"],["29260","0.64500000"],["29259","0.00223891"],["29257","3.85479694"],["29256","1.42882608"],["29255","0.00298573"],["29254","1.16449719"],["29253","0.20000000"],["29252","0.00223963"],["29251","0.52500000"],["29250","0.87583914"],["29249","2.26836976"],["29248","2.24698668"],["29247","0.63970140"],["29246","0.28000000"],["29245","3.11294034"],["29243","0.85503022"],["29242","3.05470000"],["29241","1.02891406"],["29240","0.63990560"],["29239","0.52500000"],["29238","0.00224106"],["29237","3.01081574"],["29236","1.39539877"],["29234","0.00298859"],["29233","0.64010991"],["29232","0.52500000"],["29231","3.78518764"],["29229","0.85725241"],["29228","0.52500000"],["29225","0.52500000"],["29224","2.57350000"],["29222","0.02501539"],["29221","0.52500000"],["29218","3.78518764"],["29216","5.73027032"],["29213","0.52500000"],["29210","2.92010000"],["29208","0.02000000"],["29207","0.52500000"],["29205","0.34240200"],["29204","0.00387891"],["29203","0.52500000"],["29201","0.00089038"],["29200","20.45778992"],["29197","0.52500000"],["29194","13.69370755"],["29193","0.00600000"],["29192","1.00000000"],["29191","0.52500000"],["29190","2.38110000"],["29186","0.52500000"],["29183","7.27300000"],["29181","0.81381544"],["29178","0.52500000"],["29177","0.00299550"],["29169","7.71972950"],["29165","13.67400000"],["29161","0.10000000"],["29157","4.26747060"],["29150","0.93260951"],["29146","0.34000000"],["29144","0.00220285"],["29140","0.80438163"],["29138","0.00346626"],["29128","0.00100000"],["29120","0.00586148"],["29119","14.48618970"],["29117","0.10000000"],["29111","0.01230428"],["29107","5.19179990"],["29106","0.00068508"],["29105","0.36600000"],["29101","0.00089344"],["29100","0.30407054"],["29088","0.03428788"],["29080","0.00037827"],["29077","0.17000000"],["29075","0.00340533"],["29060","0.10368203"],["29056","0.00068626"],["29051","0.10000000"],["29050","0.02000000"],["29049","0.25000000"],["29048","5.19179990"],["29047","0.00068647"],["29043","0.04000000"]],"asks":[["29279","0.01989199"],["29287","1.31684496"],["29288","0.17650072"],["29289","1.20786466"],["29290","0.50223596"],["29291","1.12703566"],["29292","0.01704539"],["29293","2.25836976"],["29294","0.52798070"],["29295","0.04068000"],["29296","1.74600000"],["29297","0.52723523"],["29300","0.52500000"],["29301","0.00297975"],["29302","0.04000000"],["29304","1.57023448"],["29305","2.73720000"],["29307","0.52500000"],["29308","0.00312953"],["29310","5.95554186"],["29311","1.54852731"],["29312","0.00297782"],["29314","4.38622047"],["29315","0.00223305"],["29317","0.63770928"],["29318","1.89500000"],["29319","2.56597702"],["29321","1.37513404"],["29322","0.00223265"],["29324","3.34430631"],["29325","0.52500000"],["29326","0.00297641"],["29328","4.31416349"],["29329","0.00223199"],["29331","1.16230344"],["29332","3.78518764"],["29333","4.12900148"],["29335","0.84959292"],["29336","0.52723123"],["29338","0.63710057"],["29339","0.52500000"],["29340","0.00297453"],["29342","0.84932274"],["29343","0.34079895"],["29344","0.52500000"],["29345","0.63689799"],["29347","0.52500000"],["29349","0.84905256"],["29350","0.52500000"],["29352","5.49169543"],["29353","0.52500000"],["29356","1.37378262"],["29359","1.16149300"],["29362","0.52500000"],["29365","0.52500000"],["29367","2.69270000"],["29368","0.52500000"],["29371","0.52500000"],["29375","0.52500000"],["29383","7.25100000"],["29388","13.16870755"],["29421","0.00286833"],["29427","13.79300000"],["29431","0.72000000"],["29435","0.20000000"],["29445","7.72281419"],["29452","0.00367078"],["29460","0.00400465"],["29462","0.00688000"],["29471","0.00803000"],["29472","0.00294135"],["29476","5.19179990"],["29491","0.00655500"],["29500","2.26218012"],["29502","0.00306466"],["29507","14.47600000"],["29547","0.00342391"],["29582","0.00300000"],["29591","0.00067928"],["29600","3.00090000"],["29602","0.00338968"],["29625","0.00067782"],["29645","5.19179990"],["29648","0.00344104"],["29655","0.01660953"],["29662","0.00300000"],["29694","0.15524395"],["29700","0.40000000"],["29711","0.00067725"],["29717","0.00344104"],["29732","0.00400000"],["29736","0.00067667"],["29747","0.00067642"],["29750","0.96814331"],["29800","0.23696715"],["29801","0.00087581"],["29802","0.00500000"],["29805","0.00067441"],["29834","2.75297741"],["29850","0.06455818"]]},"channel":"order_book_btcusd","event":"data"}{"data":{"timestamp":"1691966359","microtimestamp":"1691966359746840","bids":[["29276","0.00298287"],["29275","0.69268418"],["29273","0.52723749"],["29272","0.04000000"],["29271","0.85199300"],["29270","0.52500000"],["29269","0.00298382"],["29268","1.13908936"],["29267","0.56500000"],["29266","0.00223820"],["29264","0.85226474"],["29263","1.26844219"],["29262","0.00298478"],["29261","0.63929320"],["29260","0.64500000"],["29259","0.00223891"],["29258","1.02533797"],["29257","3.85479694"],["29256","1.42882608"],["29255","0.00298573"],["29254","1.16449719"],["29253","0.20000000"],["29252","0.00223963"],["29251","0.52500000"],["29250","0.87583914"],["29249","2.26836976"],["29248","2.24698668"],["29247","0.63970140"],["29246","0.28000000"],["29245","3.11294034"],["29243","0.85503022"],["29242","3.05470000"],["29241","1.02891406"],["29240","0.63990560"],["29239","0.52500000"],["29238","0.00224106"],["29237","3.01081574"],["29236","1.39539877"],["29234","0.13890163"],["29233","0.64010991"],["29232","0.52500000"],["29231","5.15518764"],["29229","0.85725241"],["29228","0.52500000"],["29225","0.52500000"],["29224","2.57350000"],["29222","0.02501539"],["29221","0.52500000"],["29218","3.78518764"],["29216","5.73027032"],["29213","0.52500000"],["29210","2.92010000"],["29208","0.02000000"],["29207","0.52500000"],["29205","0.34240200"],["29204","0.00387891"],["29203","0.52500000"],["29201","0.00089038"],["29200","20.45778992"],["29197","0.52500000"],["29194","13.69370755"],["29193","0.00600000"],["29192","1.00000000"],["29191","0.52500000"],["29190","2.38110000"],["29186","0.52500000"],["29183","7.27300000"],["29181","0.81381544"],["29178","0.52500000"],["29177","0.00299550"],["29169","7.71972950"],["29165","13.67400000"],["29161","0.10000000"],["29157","4.26747060"],["29150","0.93260951"],["29146","0.34000000"],["29144","0.00220285"],["29140","0.80438163"],["29138","0.00346626"],["29128","0.00100000"],["29120","0.00586148"],["29119","14.48618970"],["29117","0.10000000"],["29111","0.01230428"],["29107","5.19179990"],["29106","0.00068508"],["29105","0.36600000"],["29101","0.00089344"],["29100","0.30407054"],["29088","0.03428788"],["29080","0.00037827"],["29077","0.17000000"],["29075","0.00340533"],["29060","0.10368203"],["29056","0.00068626"],["29051","0.10000000"],["29050","0.02000000"],["29049","0.25000000"],["29048","5.19179990"],["29047","0.00068647"]],"asks":[["29279","0.05989199"],["29281","0.68304317"],["29286","0.52500000"],["29287","1.31684496"],["29288","0.17650072"],["29289","1.20786466"],["29290","0.50223596"],["29291","1.12703566"],["29292","0.01704539"],["29293","2.25836976"],["29294","0.52798070"],["29295","0.12068000"],["29296","1.74600000"],["29297","0.52723523"],["29300","0.52500000"],["29301","0.00297975"],["29302","0.20000000"],["29304","1.57023448"],["29305","2.73720000"],["29307","0.52500000"],["29308","0.00312953"],["29309","0.28000000"],["29310","5.95554186"],["29311","1.54852731"],["29312","0.00297782"],["29314","4.38622047"],["29315","0.00223305"],["29317","0.63770928"],["29318","0.52500000"],["29319","2.56597702"],["29320","1.37000000"],["29321","1.37513404"],["29322","0.00223265"],["29324","3.34430631"],["29325","0.52500000"],["29326","0.00297641"],["29328","4.31416349"],["29329","0.00223199"],["29331","1.16230344"],["29332","3.78518764"],["29333","4.12900148"],["29335","0.84959292"],["29336","0.52723123"],["29338","0.63710057"],["29339","0.52500000"],["29340","0.00297453"],["29342","0.84932274"],["29343","0.34079895"],["29344","0.52500000"],["29345","0.63689799"],["29347","0.52500000"],["29349","0.84905256"],["29350","0.52500000"],["29352","5.49169543"],["29353","0.52500000"],["29356","1.37378262"],["29359","1.16149300"],["29362","0.52500000"],["29365","0.52500000"],["29367","2.69270000"],["29368","0.52500000"],["29371","0.52500000"],["29375","0.52500000"],["29383","7.25100000"],["29388","13.16870755"],["29421","0.00286833"],["29427","13.79300000"],["29431","0.72000000"],["29435","0.20000000"],["29445","7.72281419"],["29452","0.00367078"],["29460","0.00400465"],["29462","0.00688000"],["29471","0.00803000"],["29472","0.00294135"],["29476","5.19179990"],["29491","0.00655500"],["29500","2.26218012"],["29502","0.00306466"],["29507","14.47600000"],["29547","0.00342391"],["29582","0.00300000"],["29591","0.00067928"],["29600","3.00090000"],["29602","0.00338968"],["29625","0.00067782"],["29645","5.19179990"],["29648","0.00344104"],["29655","0.01660953"],["29662","0.00300000"],["29694","0.15524395"],["29700","0.40000000"],["29711","0.00067725"],["29717","0.00344104"],["29732","0.00400000"],["29736","0.00067667"],["29747","0.00067642"],["29750","0.96814331"],["29800","0.23696715"],["29801","0.00087581"]]},"channel":"order_book_btcusd","event":"data"}{"data":{"timestamp":"1691966359","microtimestamp":"1691966359831525","bids":[["29276","0.00298287"],["29275","0.69268418"],["29273","0.68544673"],["29272","0.72323728"],["29271","0.85199300"],["29270","0.52500000"],["29269","0.00298382"],["29268","0.63908936"],["29267","0.56500000"],["29266","0.00223820"],["29264","0.85226474"],["29263","1.26844219"],["29262","0.00298478"],["29261","0.63929320"],["29260","0.64500000"],["29259","0.00223891"],["29258","1.02533797"],["29257","3.85479694"],["29256","1.42882608"],["29255","0.00298573"],["29254","1.16449719"],["29253","0.20000000"],["29252","0.00223963"],["29251","0.52500000"],["29250","0.87583914"],["29249","2.26836976"],["29248","2.24698668"],["29247","0.63970140"],["29246","0.28000000"],["29245","3.11294034"],["29243","0.85503022"],["29242","3.05470000"],["29241","1.02891406"],["29240","0.63990560"],["29239","0.52500000"],["29238","0.00224106"],["29237","3.01081574"],["29236","1.39539877"],["29234","0.13890163"],["29233","0.64010991"],["29232","0.52500000"],["29231","5.15518764"],["29229","0.85725241"],["29228","0.52500000"],["29225","0.52500000"],["29224","2.57350000"],["29222","0.02501539"],["29221","0.52500000"],["29218","3.78518764"],["29216","5.73027032"],["29213","0.52500000"],["29210","2.92010000"],["29208","0.02000000"],["29207","0.52500000"],["29205","0.34240200"],["29204","0.00387891"],["29203","0.52500000"],["29201","0.00089038"],["29200","20.45778992"],["29197","0.52500000"],["29194","13.69370755"],["29193","0.00600000"],["29192","1.00000000"],["29191","0.52500000"],["29190","2.38110000"],["29186","0.52500000"],["29183","7.27300000"],["29181","0.81381544"],["29178","0.52500000"],["29177","0.00299550"],["29169","7.71972950"],["29165","13.67400000"],["29161","0.10000000"],["29157","4.26747060"],["29150","0.93260951"],["29146","0.34000000"],["29144","0.00220285"],["29140","0.80438163"],["29138","0.00346626"],["29128","0.00100000"],["29120","0.00586148"],["29119","14.48618970"],["29117","0.10000000"],["29111","0.01230428"],["29107","5.19179990"],["29106","0.00068508"],["29105","0.36600000"],["29101","0.00089344"],["29100","0.30407054"],["29088","0.03428788"],["29080","0.00037827"],["29077","0.17000000"],["29075","0.00340533"],["29060","0.10368203"],["29056","0.00068626"],["29051","0.10000000"],["29050","0.02000000"],["29049","0.25000000"],["29048","5.19179990"],["29047","0.00068647"]],"asks":[["29279","0.05989199"],["29280","0.68306958"],["29281","0.68304317"],["29286","0.52500000"],["29287","1.31684496"],["29288","0.17650072"],["29289","1.20786466"],["29290","0.50223596"],["29291","1.12703566"],["29292","0.01704539"],["29293","2.25836976"],["29294","0.52798070"],["29295","0.12068000"],["29296","1.74600000"],["29297","0.52723523"],["29300","0.52500000"],["29301","0.00297975"],["29302","0.20000000"],["29304","1.57023448"],["29305","2.73720000"],["29307","0.52500000"],["29308","0.00312953"],["29309","0.28000000"],["29310","5.95554186"],["29311","1.54852731"],["29312","0.00297782"],["29314","4.38622047"],["29315","0.00223305"],["29317","0.63770928"],["29318","0.52500000"],["29319","2.56597702"],["29320","1.37000000"],["29321","1.37513404"],["29322","0.00223265"],["29324","3.34430631"],["29325","0.52500000"],["29326","0.00297641"],["29328","4.31416349"],["29329","0.00223199"],["29331","1.16230344"],["29332","3.78518764"],["29333","4.12900148"],["29335","0.84959292"],["29336","0.52723123"],["29338","0.63710057"],["29339","0.52500000"],["29340","0.00297453"],["29342","0.84932274"],["29343","0.34079895"],["29344","0.52500000"],["29345","0.63689799"],["29347","0.52500000"],["29349","0.84905256"],["29350","0.52500000"],["29352","5.49169543"],["29353","0.52500000"],["29356","1.37378262"],["29359","1.16149300"],["29362","0.52500000"],["29365","0.52500000"],["29367","2.69270000"],["29368","0.52500000"],["29371","0.52500000"],["29375","0.52500000"],["29383","7.25100000"],["29388","13.16870755"],["29421","0.00286833"],["29427","13.79300000"],["29431","0.72000000"],["29435","0.20000000"],["29445","7.72281419"],["29452","0.00367078"],["29460","0.00400465"],["29462","0.00688000"],["29471","0.00803000"],["29472","0.00294135"],["29476","5.19179990"],["29491","0.00655500"],["29500","2.26218012"],["29502","0.00306466"],["29507","14.47600000"],["29547","0.00342391"],["29582","0.00300000"],["29591","0.00067928"],["29600","3.00090000"],["29602","0.00338968"],["29625","0.00067782"],["29645","5.19179990"],["29648","0.00344104"],["29655","0.01660953"],["29662","0.00300000"],["29694","0.15524395"],["29700","0.40000000"],["29711","0.00067725"],["29717","0.00344104"],["29732","0.00400000"],["29736","0.00067667"],["29747","0.00067642"],["29750","0.96814331"],["29800","0.23696715"]]},"channel":"order_book_btcusd","event":"data"}{"data":{"timestamp":"1691966359","microtimestamp":"1691966359937922","bids":[["29276","0.00298287"],["29275","0.72912095"],["29274","0.68317801"],["29273","0.68544673"],["29272","0.68323728"],["29271","0.89199300"],["29270","0.52500000"],["29269","0.00298382"],["29268","0.63908936"],["29267","0.56500000"],["29266","0.00223820"],["29264","0.85226474"],["29263","1.26844219"],["29262","0.00298478"],["29261","0.63929320"],["29260","0.64500000"],["29259","0.00223891"],["29258","1.02533797"],["29257","3.85479694"],["29256","1.42882608"],["29255","0.00298573"],["29254","1.16449719"],["29253","0.20000000"],["29252","0.00223963"],["29251","0.52500000"],["29250","0.87583914"],["29249","2.26836976"],["29248","2.24698668"],["29247","0.63970140"],["29246","0.28000000"],["29245","3.11294034"],["29243","0.85503022"],["29242","3.05470000"],["29241","1.02891406"],["29240","0.63990560"],["29239","0.52500000"],["29238","0.00224106"],["29237","3.01081574"],["29236","1.39539877"],["29234","0.13890163"],["29233","0.64010991"],["29232","0.52500000"],["29231","3.78518764"],["29229","2.22725241"],["29228","0.52500000"],["29225","0.52500000"],["29224","2.57350000"],["29222","0.02501539"],["29221","0.52500000"],["29218","3.78518764"],["29216","5.73027032"],["29213","0.52500000"],["29210","2.92010000"],["29208","0.02000000"],["29207","0.52500000"],["29205","0.34240200"],["29204","0.00387891"],["29203","0.52500000"],["29201","0.00089038"],["29200","20.45778992"],["29197","0.52500000"],["29194","13.69370755"],["29193","0.00600000"],["29192","1.00000000"],["29191","0.52500000"],["29190","2.38110000"],["29186","0.52500000"],["29183","7.27300000"],["29181","0.81381544"],["29178","0.52500000"],["29177","0.00299550"],["29169","7.71972950"],["29165","13.67400000"],["29161","0.10000000"],["29157","4.26747060"],["29150","0.93260951"],["29146","0.34000000"],["29144","0.00220285"],["29140","0.80438163"],["29138","0.00346626"],["29128","0.00100000"],["29120","0.00586148"],["29119","14.48618970"],["29117","0.10000000"],["29111","0.01230428"],["29107","5.19179990"],["29106","0.00068508"],["29105","0.36600000"],["29101","0.00089344"],["29100","0.30407054"],["29088","0.03428788"],["29080","0.00037827"],["29077","0.17000000"],["29075","0.00340533"],["29060","0.10368203"],["29056","0.00068626"],["29051","0.10000000"],["29050","0.02000000"],["29049","0.25000000"],["29048","5.19179990"]],"asks":[["29277","0.04000000"],["29279","0.70297972"],["29280","0.68306958"],["29281","0.72304317"],["29286","0.52500000"],["29287","1.31684496"],["29288","0.25650072"],["29289","1.20786466"],["29290","0.50223596"],["29291","1.12703566"],["29292","0.01704539"],["29293","2.25836976"],["29294","0.52798070"],["29295","0.20068000"],["29296","1.74600000"],["29297","0.52723523"],["29300","0.52500000"],["29301","0.00297975"],["29302","0.28000000"],["29304","1.57023448"],["29305","2.73720000"],["29307","0.52500000"],["29308","0.00312953"],["29310","5.95554186"],["29311","1.54852731"],["29312","0.00297782"],["29314","4.38622047"],["29315","0.00223305"],["29317","0.63770928"],["29318","1.89500000"],["29319","2.56597702"],["29321","1.37513404"],["29322","0.00223265"],["29324","3.34430631"],["29325","0.52500000"],["29326","0.00297641"],["29328","4.31416349"],["29329","0.00223199"],["29331","1.16230344"],["29332","3.78518764"],["29333","4.12900148"],["29335","0.84959292"],["29336","0.52723123"],["29338","0.63710057"],["29339","0.52500000"],["29340","0.00297453"],["29342","0.84932274"],["29343","0.34079895"],["29344","0.52500000"],["29345","0.63689799"],["29347","0.52500000"],["29349","0.84905256"],["29350","0.52500000"],["29352","5.49169543"],["29353","0.52500000"],["29356","1.37378262"],["29359","1.16149300"],["29362","0.52500000"],["29365","0.52500000"],["29367","2.69270000"],["29368","0.52500000"],["29371","0.52500000"],["29375","0.52500000"],["29383","7.25100000"],["29388","13.16870755"],["29421","0.00286833"],["29427","13.79300000"],["29431","0.72000000"],["29435","0.20000000"],["29445","7.72281419"],["29452","0.00367078"],["29460","0.00400465"],["29462","0.00688000"],["29471","0.00803000"],["29472","0.00294135"],["29476","5.19179990"],["29491","0.00655500"],["29500","2.26218012"],["29502","0.00306466"],["29507","14.47600000"],["29547","0.00342391"],["29582","0.00300000"],["29591","0.00067928"],["29600","3.00090000"],["29602","0.00338968"],["29625","0.00067782"],["29645","5.19179990"],["29648","0.00344104"],["29655","0.01660953"],["29662","0.00300000"],["29694","0.15524395"],["29700","0.40000000"],["29711","0.00067725"],["29717","0.00344104"],["29732","0.00400000"],["29736","0.00067667"],["29747","0.00067642"],["29750","0.96814331"],["29800","0.23696715"],["29801","0.00087581"]]},"channel":"order_book_btcusd","event":"data"}{"data":{"timestamp":"1691966360","microtimestamp":"1691966360031859","bids":[["29276","0.00298287"],["29275","0.72912095"],["29274","0.68317801"],["29273","0.68544673"],["29272","0.68323728"],["29271","0.89199300"],["29270","0.52500000"],["29269","0.50298382"],["29268","0.63908936"],["29267","0.56500000"],["29266","0.00223820"],["29264","0.85226474"],["29263","1.26844219"],["29262","0.00298478"],["29261","0.63929320"],["29260","0.64500000"],["29259","0.00223891"],["29258","1.02533797"],["29257","3.85479694"],["29256","1.42882608"],["29255","0.00298573"],["29254","1.16449719"],["29253","0.20000000"],["29252","0.00223963"],["29251","0.52500000"],["29250","0.87583914"],["29249","2.26836976"],["29248","2.24698668"],["29247","0.63970140"],["29246","0.28000000"],["29245","3.11294034"],["29243","0.85503022"],["29242","3.05470000"],["29241","1.02891406"],["29240","0.63990560"],["29239","0.52500000"],["29238","0.00224106"],["29237","3.01081574"],["29236","1.39539877"],["29234","0.13890163"],["29233","0.64010991"],["29232","0.52500000"],["29231","3.78518764"],["29229","2.22725241"],["29228","0.52500000"],["29225","0.52500000"],["29224","2.57350000"],["29222","0.02501539"],["29221","0.52500000"],["29218","3.78518764"],["29216","5.73027032"],["29213","0.52500000"],["29210","2.92010000"],["29208","0.02000000"],["29207","0.52500000"],["29205","0.34240200"],["29204","0.00387891"],["29203","0.52500000"],["29201","0.00089038"],["29200","20.45778992"],["29197","0.52500000"],["29194","13.69370755"],["29193","0.00600000"],["29192","1.00000000"],["29191","0.52500000"],["29190","2.38110000"],["29186","0.52500000"],["29183","7.27300000"],["29181","0.81381544"],["29178","0.52500000"],["29177","0.00299550"],["29169","7.71972950"],["29165","13.67400000"],["29161","0.10000000"],["29157","4.26747060"],["29150","0.93260951"],["29146","0.34000000"],["29144","0.00220285"],["29140","0.80438163"],["29138","0.00346626"],["29128","0.00100000"],["29120","0.00586148"],["29119","14.48618970"],["29117","0.10000000"],["29111","0.01230428"],["29107","5.19179990"],["29106","0.00068508"],["29105","0.36600000"],["29101","0.00089344"],["29100","0.30407054"],["29088","0.03428788"],["29080","0.00037827"],["29077","0.17000000"],["29075","0.00340533"],["29060","0.10368203"],["29056","0.00068626"],["29051","0.10000000"],["29050","0.02000000"],["29049","0.25000000"],["29048","5.19179990"]],"asks":[["29277","0.04000000"],["29279","0.70297972"],["29280","0.68306958"],["29281","0.72304317"],["29286","0.52500000"],["29287","4.71092027"],["29288","0.25650072"],["29289","1.20786466"],["29290","0.50223596"],["29291","1.12703566"],["29292","0.01704539"],["29293","2.25836976"],["29294","0.52798070"],["29295","0.20068000"],["29296","1.74600000"],["29297","0.52723523"],["29300","0.52500000"],["29301","0.00297975"],["29302","0.28000000"],["29304","1.57023448"],["29305","2.73720000"],["29307","0.52500000"],["29308","0.00312953"],["29310","5.95554186"],["29311","1.54852731"],["29312","0.00297782"],["29314","4.38622047"],["29315","0.00223305"],["29317","0.63770928"],["29318","1.89500000"],["29319","2.56597702"],["29321","1.37513404"],["29322","0.00223265"],["29324","3.34430631"],["29325","0.52500000"],["29326","0.00297641"],["29328","4.31416349"],["29329","0.00223199"],["29331","1.16230344"],["29332","3.78518764"],["29333","4.12900148"],["29335","0.84959292"],["29336","0.52723123"],["29338","0.63710057"],["29339","0.52500000"],["29340","0.00297453"],["29342","0.84932274"],["29343","0.34079895"],["29344","0.52500000"],["29345","0.63689799"],["29347","0.52500000"],["29349","0.84905256"],["29350","0.52500000"],["29352","5.49169543"],["29353","0.52500000"],["29356","1.37378262"],["29359","1.16149300"],["29362","0.52500000"],["29365","0.52500000"],["29367","2.69270000"],["29368","0.52500000"],["29371","0.52500000"],["29375","0.52500000"],["29383","7.25100000"],["29388","13.16870755"],["29421","0.00286833"],["29427","13.79300000"],["29431","0.72000000"],["29435","0.20000000"],["29445","7.72281419"],["29452","0.00367078"],["29460","0.00400465"],["29462","0.00688000"],["29471","0.00803000"],["29472","0.00294135"],["29476","5.19179990"],["29491","0.00655500"],["29500","2.26218012"],["29502","0.00306466"],["29507","14.47600000"],["29547","0.00342391"],["29582","0.00300000"],["29591","0.00067928"],["29600","3.00090000"],["29602","0.00338968"],["29625","0.00067782"],["29645","5.19179990"],["29648","0.00344104"],["29655","0.01660953"],["29662","0.00300000"],["29694","0.15524395"],["29700","0.40000000"],["29711","0.00067725"],["29717","0.00344104"],["29732","0.00400000"],["29736","0.00067667"],["29747","0.00067642"],["29750","0.96814331"],["29800","0.23696715"],["29801","0.00087581"]]},"channel":"order_book_btcusd","event":"data"}{"data":{"timestamp":"1691966360","microtimestamp":"1691966360231238","bids":[["29276","0.00298287"],["29275","0.72912095"],["29274","0.68317801"],["29273","0.68544673"],["29272","0.68323728"],["29271","0.89199300"],["29270","0.52500000"],["29269","0.50298382"],["29268","0.63908936"],["29267","0.56500000"],["29266","0.00223820"],["29264","0.85226474"],["29263","1.26844219"],["29262","0.00298478"],["29261","0.63929320"],["29260","0.64500000"],["29259","0.00223891"],["29258","1.02533797"],["29257","3.85479694"],["29256","1.42882608"],["29255","0.00298573"],["29254","1.16449719"],["29253","0.20000000"],["29252","0.00223963"],["29251","0.52500000"],["29250","0.87583914"],["29249","2.26836976"],["29248","2.24698668"],["29247","0.63970140"],["29246","0.28000000"],["29245","3.11294034"],["29243","0.85503022"],["29242","3.05470000"],["29241","1.02891406"],["29240","0.63990560"],["29239","0.52500000"],["29238","0.00224106"],["29237","3.01081574"],["29236","1.39539877"],["29234","0.13890163"],["29233","0.64010991"],["29232","0.52500000"],["29231","3.78518764"],["29229","2.22725241"],["29228","0.52500000"],["29225","0.52500000"],["29224","2.57350000"],["29222","0.02501539"],["29221","0.52500000"],["29218","3.78518764"],["29216","5.73027032"],["29213","0.52500000"],["29210","2.92010000"],["29208","0.02000000"],["29207","0.52500000"],["29205","0.34240200"],["29204","0.00387891"],["29203","0.52500000"],["29201","0.00089038"],["29200","20.45778992"],["29197","0.52500000"],["29194","13.69370755"],["29193","0.00600000"],["29192","1.00000000"],["29191","0.52500000"],["29190","2.38110000"],["29186","0.52500000"],["29183","7.27300000"],["29181","0.81381544"],["29178","0.52500000"],["29177","0.00299550"],["29169","7.71972950"],["29165","13.67400000"],["29161","0.10000000"],["29157","4.26747060"],["29150","0.93260951"],["29146","0.34000000"],["29144","0.00220285"],["29140","0.80438163"],["29138","0.00346626"],["29128","0.00100000"],["29120","0.00586148"],["29119","14.48618970"],["29117","0.10000000"],["29111","0.01230428"],["29107","5.19179990"],["29106","0.00068508"],["29105","0.36600000"],["29101","0.00089344"],["29100","0.30407054"],["29088","0.03428788"],["29080","0.00037827"],["29077","0.17000000"],["29075","0.00340533"],["29060","0.10368203"],["29056","0.00068626"],["29051","0.10000000"],["29050","0.02000000"],["29049","0.25000000"],["29048","5.19179990"]],"asks":[["29277","0.04000000"],["29279","0.69037936"],["29280","0.68306958"],["29281","0.72304317"],["29283","0.52500000"],["29286","0.52500000"],["29287","4.71092027"],["29288","0.25650072"],["29289","1.20786466"],["29290","0.50223596"],["29291","1.12703566"],["29292","0.01704539"],["29293","2.25836976"],["29294","0.52798070"],["29295","0.20068000"],["29296","1.74600000"],["29297","0.52723523"],["29300","0.52500000"],["29301","0.00297975"],["29302","0.28000000"],["29304","1.57023448"],["29305","2.73720000"],["29307","0.52500000"],["29308","0.00312953"],["29310","5.95554186"],["29311","1.54852731"],["29312","0.00297782"],["29314","4.38622047"],["29315","0.00223305"],["29317","0.63770928"],["29318","1.89500000"],["29319","2.56597702"],["29321","1.37513404"],["29322","0.00223265"],["29324","3.34430631"],["29325","0.52500000"],["29326","0.00297641"],["29328","4.31416349"],["29329","0.00223199"],["29331","1.16230344"],["29332","3.78518764"],["29333","4.12900148"],["29335","0.84959292"],["29336","0.52723123"],["29338","0.63710057"],["29339","0.52500000"],["29340","0.00297453"],["29342","0.84932274"],["29343","0.34079895"],["29344","0.52500000"],["29345","0.63689799"],["29347","0.52500000"],["29349","0.84905256"],["29350","0.52500000"],["29352","5.49169543"],["29353","0.52500000"],["29356","1.37378262"],["29359","1.16149300"],["29362","0.52500000"],["29365","0.52500000"],["29367","2.69270000"],["29368","0.52500000"],["29371","0.52500000"],["29375","0.52500000"],["29383","7.25100000"],["29388","13.16870755"],["29421","0.00286833"],["29427","13.79300000"],["29431","0.72000000"],["29435","0.20000000"],["29445","7.72281419"],["29452","0.00367078"],["29460","0.00400465"],["29462","0.00688000"],["29471","0.00803000"],["29472","0.00294135"],["29476","5.19179990"],["29491","0.00655500"],["29500","2.26218012"],["29502","0.00306466"],["29507","14.47600000"],["29547","0.00342391"],["29582","0.00300000"],["29591","0.00067928"],["29600","3.00090000"],["29602","0.00338968"],["29625","0.00067782"],["29645","5.19179990"],["29648","0.00344104"],["29655","0.01660953"],["29662","0.00300000"],["29694","0.15524395"],["29700","0.40000000"],["29711","0.00067725"],["29717","0.00344104"],["29732","0.00400000"],["29736","0.00067667"],["29747","0.00067642"],["29750","0.96814331"],["29800","0.23696715"]]},"channel":"order_book_btcusd","event":"data"}{"data":{"timestamp":"1691966360","microtimestamp":"1691966360340152","bids":[["29276","0.00298287"],["29275","0.72912095"],["29274","0.68317801"],["29273","0.68544673"],["29272","0.68323728"],["29271","0.89199300"],["29270","0.52500000"],["29269","0.50298382"],["29268","0.63908936"],["29267","0.56500000"],["29266","0.00223820"],["29264","0.85226474"],["29263","1.26844219"],["29262","0.00298478"],["29261","0.63929320"],["29260","0.64500000"],["29259","0.00223891"],["29258","1.02533797"],["29257","3.85479694"],["29256","1.42882608"],["29255","0.00298573"],["29254","1.16449719"],["29253","0.20000000"],["29252","0.00223963"],["29251","0.52500000"],["29250","0.87583914"],["29249","2.26836976"],["29248","2.24698668"],["29247","0.63970140"],["29246","0.28000000"],["29245","3.11294034"],["29243","0.85503022"],["29242","3.05470000"],["29241","1.02891406"],["29240","0.63990560"],["29239","0.52500000"],["29238","0.00224106"],["29237","3.01081574"],["29236","1.39539877"],["29234","0.13890163"],["29233","0.64010991"],["29232","0.52500000"],["29231","3.78518764"],["29229","2.22725241"],["29228","0.52500000"],["29225","0.52500000"],["29224","2.57350000"],["29222","0.02501539"],["29221","0.52500000"],["29218","3.78518764"],["29216","5.73027032"],["29213","0.52500000"],["29210","2.92010000"],["29208","0.02000000"],["29207","0.52500000"],["29205","0.34240200"],["29204","0.00387891"],["29203","0.52500000"],["29201","0.00089038"],["29200","20.45778992"],["29197","0.52500000"],["29194","13.69370755"],["29193","0.00600000"],["29192","1.00000000"],["29191","0.52500000"],["29190","2.38110000"],["29186","0.52500000"],["29183","7.27300000"],["29181","0.81381544"],["29178","0.52500000"],["29177","0.00299550"],["29169","7.71972950"],["29165","13.67400000"],["29161","0.10000000"],["29157","4.26747060"],["29150","0.93260951"],["29146","0.34000000"],["29144","0.00220285"],["29140","0.80438163"],["29138","0.00346626"],["29128","0.00100000"],["29120","0.00586148"],["29119","14.48618970"],["29117","0.10000000"],["29111","0.01230428"],["29107","5.19179990"],["29106","0.00068508"],["29105","0.36600000"],["29101","0.00089344"],["29100","0.30407054"],["29088","0.03428788"],["29080","0.00037827"],["29077","0.17000000"],["29075","0.00340533"],["29060","0.10368203"],["29056","0.00068626"],["29051","0.10000000"],["29050","0.02000000"],["29049","0.25000000"],["29048","5.19179990"]],"asks":[["29277","0.04000000"],["29279","1.37347779"],["29281","0.72304317"],["29283","0.52500000"],["29286","0.52500000"],["29287","4.71092027"],["29288","0.25650072"],["29289","1.20786466"],["29290","0.50223596"],["29291","1.12703566"],["29292","0.01704539"],["29293","2.25836976"],["29294","0.52798070"],["29295","0.20068000"],["29296","1.74600000"],["29297","0.52723523"],["29300","0.52500000"],["29301","0.00297975"],["29302","0.28000000"],["29304","1.57023448"],["29305","2.73720000"],["29307","0.52500000"],["29308","0.00312953"],["29310","5.95554186"],["29311","1.54852731"],["29312","0.00297782"],["29314","4.38622047"],["29315","0.00223305"],["29317","0.63770928"],["29318","1.89500000"],["29319","2.56597702"],["29321","1.37513404"],["29322","0.00223265"],["29324","3.34430631"],["29325","0.52500000"],["29326","0.00297641"],["29328","4.31416349"],["29329","0.00223199"],["29331","1.16230344"],["29332","3.78518764"],["29333","4.12900148"],["29335","0.84959292"],["29336","0.52723123"],["29338","0.63710057"],["29339","0.52500000"],["29340","0.00297453"],["29342","0.84932274"],["29343","0.34079895"],["29344","0.52500000"],["29345","0.63689799"],["29347","0.52500000"],["29349","0.84905256"],["29350","0.52500000"],["29352","5.49169543"],["29353","0.52500000"],["29356","1.37378262"],["29359","1.16149300"],["29362","0.52500000"],["29365","0.52500000"],["29367","2.69270000"],["29368","0.52500000"],["29371","0.52500000"],["29375","0.52500000"],["29383","7.25100000"],["29388","13.16870755"],["29421","0.00286833"],["29427","13.79300000"],["29431","0.72000000"],["29435","0.20000000"],["29445","7.72281419"],["29452","0.00367078"],["29460","0.00400465"],["29462","0.00688000"],["29471","0.00803000"],["29472","0.00294135"],["29476","5.19179990"],["29491","0.00655500"],["29500","2.26218012"],["29502","0.00306466"],["29507","14.47600000"],["29547","0.00342391"],["29582","0.00300000"],["29591","0.00067928"],["29600","3.00090000"],["29602","0.00338968"],["29625","0.00067782"],["29645","5.19179990"],["29648","0.00344104"],["29655","0.01660953"],["29662","0.00300000"],["29694","0.15524395"],["29700","0.40000000"],["29711","0.00067725"],["29717","0.00344104"],["29732","0.00400000"],["29736","0.00067667"],["29747","0.00067642"],["29750","0.96814331"],["29800","0.23696715"],["29801","0.00087581"]]},"channel":"order_book_btcusd","event":"data"}{"data":{"timestamp":"1691966360","microtimestamp":"1691966360536735","bids":[["29276","0.00298287"],["29275","0.69268418"],["29274","0.68317801"],["29273","0.68544673"],["29272","0.68323728"],["29271","0.89199300"],["29270","0.52500000"],["29269","0.50298382"],["29268","0.63908936"],["29267","0.56500000"],["29266","0.00223820"],["29264","0.85226474"],["29263","1.20843367"],["29262","0.00298478"],["29261","0.63929320"],["29260","0.64500000"],["29259","0.00223891"],["29258","1.02533797"],["29257","3.85479694"],["29256","1.42882608"],["29255","0.00298573"],["29254","1.16449719"],["29253","0.20000000"],["29252","0.00223963"],["29251","0.52500000"],["29250","0.87583914"],["29249","2.26836976"],["29248","2.24698668"],["29247","0.63970140"],["29246","0.28000000"],["29245","3.11294034"],["29243","0.85503022"],["29242","3.05470000"],["29241","1.02891406"],["29240","0.63990560"],["29239","0.52500000"],["29238","0.00224106"],["29237","3.01081574"],["29236","1.39539877"],["29234","0.13890163"],["29233","0.64010991"],["29232","0.52500000"],["29231","3.78518764"],["29229","2.22725241"],["29228","0.52500000"],["29225","0.52500000"],["29224","2.57350000"],["29222","0.02501539"],["29221","0.52500000"],["29218","3.78518764"],["29216","5.73027032"],["29213","0.52500000"],["29210","2.92010000"],["29208","0.02000000"],["29207","0.52500000"],["29205","0.34240200"],["29204","0.00387891"],["29203","0.52500000"],["29201","0.00089038"],["29200","20.45778992"],["29197","0.52500000"],["29194","13.69370755"],["29193","0.00600000"],["29192","1.00000000"],["29191","0.52500000"],["29190","2.38110000"],["29186","0.52500000"],["29183","7.27300000"],["29181","0.81381544"],["29178","0.52500000"],["29177","0.00299550"],["29169","7.71972950"],["29165","13.67400000"],["29161","0.10000000"],["29157","4.26747060"],["29150","0.93260951"],["29146","0.34000000"],["29144","0.00220285"],["29140","0.80438163"],["29138","0.00346626"],["29128","0.00100000"],["29120","0.00586148"],["29119","14.48618970"],["29117","0.10000000"],["29111","0.01230428"],["29107","5.19179990"],["29106","0.00068508"],["29105","0.36600000"],["29101","0.00089344"],["29100","0.30407054"],["29088","0.03428788"],["29080","0.00037827"],["29077","0.17000000"],["29075","0.00340533"],["29060","0.10368203"],["29056","0.00068626"],["29051","0.10000000"],["29050","0.02000000"],["29049","0.25000000"],["29048","5.19179990"]],"asks":[["29277","0.04000000"],["29279","1.37347779"],["29281","0.72304317"],["29283","0.52500000"],["29286","0.52500000"],["29287","4.71092027"],["29288","0.25650072"],["29289","1.20786466"],["29290","0.50223596"],["29291","1.12703566"],["29292","0.01704539"],["29293","2.25836976"],["29294","0.52798070"],["29295","0.20068000"],["29296","1.74600000"],["29297","0.52723523"],["29300","0.52500000"],["29301","0.00297975"],["29302","0.28000000"],["29304","1.57023448"],["29305","2.73720000"],["29307","0.52500000"],["29308","0.00312953"],["29310","5.95554186"],["29311","1.54852731"],["29312","0.00297782"],["29314","4.38622047"],["29315","0.00223305"],["29317","0.63770928"],["29318","1.89500000"],["29319","2.56597702"],["29321","1.37513404"],["29322","0.00223265"],["29324","3.34430631"],["29325","0.52500000"],["29326","0.00297641"],["29328","4.31416349"],["29329","0.00223199"],["29331","1.16230344"],["29332","3.78518764"],["29333","4.12900148"],["29335","0.84959292"],["29336","0.52723123"],["29338","0.63710057"],["29339","0.52500000"],["29340","0.00297453"],["29342","0.84932274"],["29343","0.34079895"],["29344","0.52500000"],["29345","0.63689799"],["29347","0.52500000"],["29349","0.84905256"],["29350","0.52500000"],["29352","5.49169543"],["29353","0.52500000"],["29356","1.37378262"],["29359","1.16149300"],["29362","0.52500000"],["29365","0.52500000"],["29367","2.69270000"],["29368","0.52500000"],["29371","0.52500000"],["29375","0.52500000"],["29383","7.25100000"],["29388","13.16870755"],["29421","0.00286833"],["29427","13.79300000"],["29431","0.72000000"],["29435","0.20000000"],["29445","7.72281419"],["29452","0.00367078"],["29460","0.00400465"],["29462","0.00688000"],["29471","0.00803000"],["29472","0.00294135"],["29476","5.19179990"],["29491","0.00655500"],["29500","2.26218012"],["29502","0.00306466"],["29507","14.47600000"],["29547","0.00342391"],["29582","0.00300000"],["29591","0.00067928"],["29600","3.00090000"],["29602","0.00338968"],["29625","0.00067782"],["29645","5.19179990"],["29648","0.00344104"],["29655","0.01660953"],["29662","0.00300000"],["29694","0.15524395"],["29700","0.40000000"],["29711","0.00067725"],["29717","0.00344104"],["29732","0.00400000"],["29736","0.00067667"],["29747","0.00067642"],["29750","0.96814331"],["29800","0.23696715"],["29801","0.00087581"]]},"channel":"order_book_btcusd","event":"data"}{"data":{"timestamp":"1691966360","microtimestamp":"1691966360631792","bids":[["29276","0.03970376"],["29275","0.69268418"],["29274","0.68317801"],["29273","0.68544673"],["29272","0.68323728"],["29271","0.89199300"],["29270","0.52500000"],["29269","0.50298382"],["29268","0.63908936"],["29267","0.56500000"],["29266","0.06381970"],["29264","0.85226474"],["29263","1.20843367"],["29262","0.00298478"],["29261","0.63929320"],["29260","0.64500000"],["29259","0.00223891"],["29258","1.02533797"],["29257","3.85479694"],["29256","1.42882608"],["29255","0.00298573"],["29254","1.16449719"],["29253","0.20000000"],["29252","0.00223963"],["29251","0.52500000"],["29250","0.87583914"],["29249","2.26836976"],["29248","2.24698668"],["29247","0.63970140"],["29246","0.28000000"],["29245","3.11294034"],["29243","0.85503022"],["29242","3.05470000"],["29241","1.02891406"],["29240","0.63990560"],["29239","0.52500000"],["29238","0.00224106"],["29237","3.01081574"],["29236","1.39539877"],["29234","0.13890163"],["29233","0.64010991"],["29232","0.52500000"],["29231","3.78518764"],["29229","2.22725241"],["29228","0.52500000"],["29225","0.52500000"],["29224","2.57350000"],["29222","0.02501539"],["29221","0.52500000"],["29218","3.78518764"],["29216","5.73027032"],["29213","0.52500000"],["29210","2.92010000"],["29208","0.02000000"],["29207","0.52500000"],["29205","0.34240200"],["29204","0.00387891"],["29203","0.52500000"],["29201","0.00089038"],["29200","20.45778992"],["29197","0.52500000"],["29194","13.69370755"],["29193","0.00600000"],["29192","1.00000000"],["29191","0.52500000"],["29190","2.38110000"],["29186","0.52500000"],["29183","7.27300000"],["29181","0.81381544"],["29178","0.52500000"],["29177","0.00299550"],["29169","7.71972950"],["29165","13.67400000"],["29161","0.10000000"],["29157","4.26747060"],["29150","0.93260951"],["29146","0.34000000"],["29144","0.00220285"],["29140","0.80438163"],["29138","0.00346626"],["29128","0.00100000"],["29120","0.00586148"],["29119","14.48618970"],["29117","0.10000000"],["29111","0.01230428"],["29107","5.19179990"],["29106","0.00068508"],["29105","0.36600000"],["29101","0.00089344"],["29100","0.30407054"],["29088","0.03428788"],["29080","0.00037827"],["29077","0.17000000"],["29075","0.00340533"],["29060","0.10368203"],["29056","0.00068626"],["29051","0.10000000"],["29050","0.02000000"],["29049","0.25000000"],["29048","5.19179990"]],"asks":[["29277","0.05246553"],["29279","1.37347779"],["29281","0.72304317"],["29283","0.52500000"],["29286","0.52500000"],["29287","4.71092027"],["29288","0.25650072"],["29289","1.20786466"],["29290","0.50223596"],["29291","1.12703566"],["29292","0.01704539"],["29293","2.25836976"],["29294","0.52798070"],["29295","0.20068000"],["29296","1.74600000"],["29297","0.52723523"],["29300","0.52500000"],["29301","0.00297975"],["29302","0.28000000"],["29304","1.57023448"],["29305","2.73720000"],["29307","0.52500000"],["29308","0.00312953"],["29310","5.95554186"],["29311","1.54852731"],["29312","0.00297782"],["29314","4.38622047"],["29315","0.00223305"],["29317","0.63770928"],["29318","1.89500000"],["29319","2.56597702"],["29321","1.37513404"],["29322","0.00223265"],["29324","3.34430631"],["29325","0.52500000"],["29326","0.00297641"],["29328","4.31416349"],["29329","0.00223199"],["29331","1.16230344"],["29332","3.78518764"],["29333","4.12900148"],["29335","0.84959292"],["29336","0.52723123"],["29338","0.63710057"],["29339","0.52500000"],["29340","0.00297453"],["29342","0.84932274"],["29343","0.34079895"],["29344","0.52500000"],["29345","0.63689799"],["29347","0.52500000"],["29349","0.84905256"],["29350","0.52500000"],["29352","5.49169543"],["29353","0.52500000"],["29356","1.37378262"],["29359","1.16149300"],["29362","0.52500000"],["29365","0.52500000"],["29367","2.69270000"],["29368","0.52500000"],["29371","0.52500000"],["29375","0.52500000"],["29383","7.25100000"],["29388","13.16870755"],["29421","0.00286833"],["29427","13.79300000"],["29431","0.72000000"],["29435","0.20000000"],["29445","7.72281419"],["29452","0.00367078"],["29460","0.00400465"],["29462","0.00688000"],["29471","0.00803000"],["29472","0.00294135"],["29476","5.19179990"],["29491","0.00655500"],["29500","2.26218012"],["29502","0.00306466"],["29507","14.47600000"],["29547","0.00342391"],["29582","0.00300000"],["29591","0.00067928"],["29600","3.00090000"],["29602","0.00338968"],["29625","0.00067782"],["29645","5.19179990"],["29648","0.00344104"],["29655","0.01660953"],["29662","0.00300000"],["29694","0.15524395"],["29700","0.40000000"],["29711","0.00067725"],["29717","0.00344104"],["29732","0.00400000"],["29736","0.00067667"],["29747","0.00067642"],["29750","0.96814331"],["29800","0.23696715"],["29801","0.00087581"]]},"channel":"order_book_btcusd","event":"data"}{"data":{"timestamp":"1691966360","microtimestamp":"1691966360739083","bids":[["29276","0.03970376"],["29275","0.69268418"],["29274","0.68317801"],["29273","0.68544673"],["29272","0.68323728"],["29271","0.89199300"],["29270","0.52500000"],["29269","0.50298382"],["29268","0.63908936"],["29267","0.56500000"],["29266","0.06381970"],["29264","0.85226474"],["29263","1.20843367"],["29262","0.00298478"],["29261","0.63929320"],["29260","0.64500000"],["29259","0.00223891"],["29258","1.02533797"],["29257","3.85479694"],["29256","1.42882608"],["29255","0.00298573"],["29254","1.16449719"],["29253","0.20000000"],["29252","0.00223963"],["29251","0.52500000"],["29250","0.87583914"],["29249","2.26836976"],["29248","2.24698668"],["29247","0.63970140"],["29246","0.28000000"],["29245","3.11294034"],["29243","0.85503022"],["29242","3.05470000"],["29241","1.02891406"],["29240","0.63990560"],["29239","0.52500000"],["29238","0.00224106"],["29237","3.01081574"],["29236","1.39539877"],["29234","0.13890163"],["29233","0.64010991"],["29232","0.52500000"],["29231","3.78518764"],["29229","2.22725241"],["29228","0.52500000"],["29225","0.52500000"],["29224","2.57350000"],["29222","0.02501539"],["29221","0.52500000"],["29218","3.78518764"],["29216","5.73027032"],["29213","0.52500000"],["29210","2.92010000"],["29208","0.02000000"],["29207","0.52500000"],["29205","0.34240200"],["29204","0.00387891"],["29203","0.52500000"],["29201","0.00089038"],["29200","20.45778992"],["29197","0.52500000"],["29194","13.69370755"],["29193","0.00600000"],["29192","1.00000000"],["29191","0.52500000"],["29190","2.38110000"],["29186","0.52500000"],["29183","7.27300000"],["29181","0.81381544"],["29178","0.52500000"],["29177","0.00299550"],["29169","7.71972950"],["29165","13.67400000"],["29161","0.10000000"],["29157","4.26747060"],["29150","0.93260951"],["29146","0.34000000"],["29144","0.00220285"],["29140","0.80438163"],["29138","0.00346626"],["29128","0.00100000"],["29120","0.00586148"],["29119","14.48618970"],["29117","0.10000000"],["29111","0.01230428"],["29107","5.19179990"],["29106","0.00068508"],["29105","0.36600000"],["29101","0.00089344"],["29100","0.30407054"],["29088","0.03428788"],["29080","0.00037827"],["29077","0.17000000"],["29075","0.00340533"],["29060","0.10368203"],["29056","0.00068626"],["29051","0.10000000"],["29050","0.02000000"],["29049","0.25000000"],["29048","5.19179990"]],"asks":[["29277","0.05246553"],["29279","1.37304171"],["29281","0.72304317"],["29283","0.52500000"],["29286","0.52500000"],["29287","4.71092027"],["29288","0.25650072"],["29289","1.20786466"],["29290","0.50223596"],["29291","1.12703566"],["29292","0.01704539"],["29293","2.25836976"],["29294","0.52798070"],["29295","0.20068000"],["29296","1.74600000"],["29297","0.52723523"],["29300","0.52500000"],["29301","0.00297975"],["29302","0.28000000"],["29304","1.57023448"],["29305","2.73720000"],["29307","0.52500000"],["29308","0.00312953"],["29310","5.95554186"],["29311","1.54852731"],["29312","0.00297782"],["29314","4.38622047"],["29315","0.00223305"],["29317","0.63770928"],["29318","1.89500000"],["29319","2.56597702"],["29321","1.37513404"],["29322","0.00223265"],["29324","3.34430631"],["29325","0.52500000"],["29326","0.00297641"],["29328","4.31416349"],["29329","0.00223199"],["29331","1.16230344"],["29332","3.78518764"],["29333","4.12900148"],["29335","0.84959292"],["29336","0.52723123"],["29338","0.63710057"],["29339","0.52500000"],["29340","0.00297453"],["29342","0.84932274"],["29343","0.34079895"],["29344","0.52500000"],["29345","0.63689799"],["29347","0.52500000"],["29349","0.84905256"],["29350","0.52500000"],["29352","5.49169543"],["29353","0.52500000"],["29356","1.37378262"],["29359","1.16149300"],["29362","0.52500000"],["29365","0.52500000"],["29367","2.69270000"],["29368","0.52500000"],["29371","0.52500000"],["29375","0.52500000"],["29383","7.25100000"],["29388","13.16870755"],["29421","0.00286833"],["29427","13.79300000"],["29431","0.72000000"],["29435","0.20000000"],["29445","7.72281419"],["29452","0.00367078"],["29460","0.00400465"],["29462","0.00688000"],["29471","0.00803000"],["29472","0.00294135"],["29476","5.19179990"],["29491","0.00655500"],["29500","2.26218012"],["29502","0.00306466"],["29507","14.47600000"],["29547","0.00342391"],["29582","0.00300000"],["29591","0.00067928"],["29600","3.00090000"],["29602","0.00338968"],["29625","0.00067782"],["29645","5.19179990"],["29648","0.00344104"],["29655","0.01660953"],["29662","0.00300000"],["29694","0.15524395"],["29700","0.40000000"],["29711","0.00067725"],["29717","0.00344104"],["29732","0.00400000"],["29736","0.00067667"],["29747","0.00067642"],["29750","0.96814331"],["29800","0.23696715"],["29801","0.00087581"]]},"channel":"order_book_btcusd","event":"data"}{"data":{"timestamp":"1691966360","microtimestamp":"1691966360831541","bids":[["29276","0.03970376"],["29275","0.69268418"],["29274","0.68317801"],["29273","0.68544673"],["29272","0.68323728"],["29271","0.89199300"],["29270","0.52500000"],["29269","0.50298382"],["29268","0.63908936"],["29267","0.56500000"],["29266","0.06381970"],["29264","0.85226474"],["29263","1.20843367"],["29262","0.00298478"],["29261","0.63929320"],["29260","0.64500000"],["29259","0.00223891"],["29258","1.02533797"],["29257","3.85479694"],["29256","1.42882608"],["29255","0.00298573"],["29254","1.16449719"],["29253","0.20000000"],["29252","0.00223963"],["29251","0.52500000"],["29250","0.87583914"],["29249","2.26836976"],["29248","2.24698668"],["29247","0.63970140"],["29246","0.28000000"],["29245","3.11294034"],["29243","0.85503022"],["29242","3.05470000"],["29241","1.02891406"],["29240","0.63990560"],["29239","0.52500000"],["29238","0.00224106"],["29237","3.01081574"],["29236","1.39539877"],["29234","0.13890163"],["29233","0.64010991"],["29232","0.52500000"],["29231","3.78518764"],["29229","2.22725241"],["29228","0.52500000"],["29225","0.52500000"],["29224","2.57350000"],["29222","0.02501539"],["29221","0.52500000"],["29218","3.78518764"],["29216","5.73027032"],["29213","0.52500000"],["29210","2.92010000"],["29208","0.02000000"],["29207","0.52500000"],["29205","0.34240200"],["29204","0.00387891"],["29203","0.52500000"],["29201","0.00089038"],["29200","20.45778992"],["29197","0.52500000"],["29194","13.69370755"],["29193","0.00600000"],["29192","1.00000000"],["29191","0.52500000"],["29190","2.38110000"],["29186","0.52500000"],["29183","7.27300000"],["29181","0.81381544"],["29178","0.52500000"],["29177","0.00299550"],["29169","7.71972950"],["29165","13.67400000"],["29161","0.10000000"],["29157","4.26747060"],["29150","0.93260951"],["29146","0.34000000"],["29144","0.00220285"],["29140","0.80438163"],["29138","0.00346626"],["29128","0.00100000"],["29120","0.00586148"],["29119","14.48618970"],["29117","0.10000000"],["29111","0.01230428"],["29107","5.19179990"],["29106","0.00068508"],["29105","0.36600000"],["29101","0.00089344"],["29100","0.30407054"],["29088","0.03428788"],["29080","0.00037827"],["29077","0.17000000"],["29075","0.00340533"],["29060","0.10368203"],["29056","0.00068626"],["29051","0.10000000"],["29050","0.02000000"],["29049","0.25000000"],["29048","5.19179990"]],"asks":[["29277","0.05246553"],["29279","0.68994328"],["29281","0.72304317"],["29283","0.52500000"],["29286","0.52500000"],["29287","4.71092027"],["29288","0.25650072"],["29289","1.20786466"],["29290","0.50223596"],["29291","1.12703566"],["29292","0.01704539"],["29293","2.25836976"],["29294","0.52798070"],["29295","0.20068000"],["29296","1.74600000"],["29297","0.52723523"],["29300","0.52500000"],["29301","0.00297975"],["29302","0.28000000"],["29304","1.57023448"],["29305","2.73720000"],["29307","0.52500000"],["29308","0.00312953"],["29310","5.95554186"],["29311","1.54852731"],["29312","0.00297782"],["29314","4.38622047"],["29315","0.00223305"],["29317","0.63770928"],["29318","1.89500000"],["29319","2.56597702"],["29321","1.37513404"],["29322","0.00223265"],["29324","3.34430631"],["29325","0.52500000"],["29326","0.00297641"],["29328","4.31416349"],["29329","0.00223199"],["29331","1.16230344"],["29332","3.78518764"],["29333","4.12900148"],["29335","0.84959292"],["29336","0.52723123"],["29338","0.63710057"],["29339","0.52500000"],["29340","0.00297453"],["29342","0.84932274"],["29343","0.34079895"],["29344","0.52500000"],["29345","0.63689799"],["29347","0.52500000"],["29349","0.84905256"],["29350","0.52500000"],["29352","5.49169543"],["29353","0.52500000"],["29356","1.37378262"],["29359","1.16149300"],["29362","0.52500000"],["29365","0.52500000"],["29367","2.69270000"],["29368","0.52500000"],["29371","0.52500000"],["29375","0.52500000"],["29383","7.25100000"],["29388","13.16870755"],["29421","0.00286833"],["29427","13.79300000"],["29431","0.72000000"],["29435","0.20000000"],["29445","7.72281419"],["29452","0.00367078"],["29460","0.00400465"],["29462","0.00688000"],["29471","0.00803000"],["29472","0.00294135"],["29476","5.19179990"],["29491","0.00655500"],["29500","2.26218012"],["29502","0.00306466"],["29507","14.47600000"],["29547","0.00342391"],["29582","0.00300000"],["29591","0.00067928"],["29600","3.00090000"],["29602","0.00338968"],["29625","0.00067782"],["29645","5.19179990"],["29648","0.00344104"],["29655","0.01660953"],["29662","0.00300000"],["29694","0.15524395"],["29700","0.40000000"],["29711","0.00067725"],["29717","0.00344104"],["29732","0.00400000"],["29736","0.00067667"],["29747","0.00067642"],["29750","0.96814331"],["29800","0.23696715"],["29801","0.00087581"]]},"channel":"order_book_btcusd","event":"data"}{"data":{"timestamp":"1691966360","microtimestamp":"1691966360941727","bids":[["29276","0.03970376"],["29275","0.69268418"],["29273","0.68544673"],["29272","0.68323728"],["29271","0.89199300"],["29270","1.20828275"],["29269","0.50298382"],["29268","0.63908936"],["29267","0.56500000"],["29266","0.06381970"],["29264","0.85226474"],["29263","1.20843367"],["29262","0.00298478"],["29261","0.63929320"],["29260","0.64500000"],["29259","0.00223891"],["29258","1.02533797"],["29257","3.85479694"],["29256","1.42882608"],["29255","0.00298573"],["29254","1.16449719"],["29253","0.20000000"],["29252","0.00223963"],["29251","0.52500000"],["29250","0.87583914"],["29249","2.26836976"],["29248","2.24698668"],["29247","0.63970140"],["29246","0.28000000"],["29245","3.11294034"],["29243","0.85503022"],["29242","3.05470000"],["29241","1.02891406"],["29240","0.63990560"],["29239","0.52500000"],["29238","0.00224106"],["29237","3.01081574"],["29236","1.39539877"],["29234","0.13890163"],["29233","0.64010991"],["29232","0.52500000"],["29231","3.78518764"],["29229","2.22725241"],["29228","0.52500000"],["29225","0.52500000"],["29224","2.57350000"],["29222","0.02501539"],["29221","0.52500000"],["29218","3.78518764"],["29216","5.73027032"],["29213","0.52500000"],["29210","2.92010000"],["29208","0.02000000"],["29207","0.52500000"],["29205","0.34240200"],["29204","0.00387891"],["29203","0.52500000"],["29201","0.00089038"],["29200","20.45778992"],["29197","0.52500000"],["29194","13.69370755"],["29193","0.00600000"],["29192","1.00000000"],["29191","0.52500000"],["29190","2.38110000"],["29186","0.52500000"],["29183","7.27300000"],["29181","0.81381544"],["29178","0.52500000"],["29177","0.00299550"],["29169","7.71972950"],["29165","13.67400000"],["29161","0.10000000"],["29157","4.26747060"],["29150","0.93260951"],["29146","0.34000000"],["29144","0.00220285"],["29140","0.80438163"],["29138","0.00346626"],["29128","0.00100000"],["29120","0.00586148"],["29119","14.48618970"],["29117","0.10000000"],["29111","0.01230428"],["29107","5.19179990"],["29106","0.00068508"],["29105","0.36600000"],["29101","0.00089344"],["29100","0.30407054"],["29088","0.03428788"],["29080","0.00037827"],["29077","0.17000000"],["29075","0.00340533"],["29060","0.10368203"],["29056","0.00068626"],["29051","0.10000000"],["29050","0.02000000"],["29049","0.25000000"],["29048","5.19179990"],["29047","0.00068647"]],"asks":[["29277","0.05246553"],["29278","0.68310938"],["29279","0.68994328"],["29281","0.72304317"],["29283","0.52500000"],["29286","0.52500000"],["29287","4.71092027"],["29288","0.25650072"],["29289","1.20786466"],["29290","0.50223596"],["29291","1.12703566"],["29292","0.01704539"],["29293","2.25836976"],["29294","0.52798070"],["29295","0.20068000"],["29296","1.74600000"],["29297","0.52723523"],["29300","0.52500000"],["29301","0.00297975"],["29302","0.28000000"],["29304","1.57023448"],["29305","2.73720000"],["29307","0.52500000"],["29308","0.00312953"],["29310","5.95554186"],["29311","1.54852731"],["29312","0.00297782"],["29314","4.38622047"],["29315","0.00223305"],["29317","0.63770928"],["29318","1.89500000"],["29319","2.56597702"],["29321","1.37513404"],["29322","0.00223265"],["29324","3.34430631"],["29325","0.52500000"],["29326","0.00297641"],["29328","4.31416349"],["29329","0.00223199"],["29331","1.16230344"],["29332","3.78518764"],["29333","4.12900148"],["29335","0.84959292"],["29336","0.52723123"],["29338","0.63710057"],["29339","0.52500000"],["29340","0.00297453"],["29342","0.84932274"],["29343","0.34079895"],["29344","0.52500000"],["29345","0.63689799"],["29347","0.52500000"],["29349","0.84905256"],["29350","0.52500000"],["29352","5.49169543"],["29353","0.52500000"],["29356","1.37378262"],["29359","1.16149300"],["29362","0.52500000"],["29365","0.52500000"],["29367","2.69270000"],["29368","0.52500000"],["29371","0.52500000"],["29375","0.52500000"],["29383","7.25100000"],["29388","13.16870755"],["29421","0.00286833"],["29427","13.79300000"],["29431","0.72000000"],["29435","0.20000000"],["29445","7.72281419"],["29452","0.00367078"],["29460","0.00400465"],["29462","0.00688000"],["29471","0.00803000"],["29472","0.00294135"],["29476","5.19179990"],["29491","0.00655500"],["29500","2.26218012"],["29502","0.00306466"],["29507","14.47600000"],["29547","0.00342391"],["29582","0.00300000"],["29591","0.00067928"],["29600","3.00090000"],["29602","0.00338968"],["29625","0.00067782"],["29645","5.19179990"],["29648","0.00344104"],["29655","0.01660953"],["29662","0.00300000"],["29694","0.15524395"],["29700","0.40000000"],["29711","0.00067725"],["29717","0.00344104"],["29732","0.00400000"],["29736","0.00067667"],["29747","0.00067642"],["29750","0.96814331"],["29800","0.23696715"]]},"channel":"order_book_btcusd","event":"data"}{"data":{"timestamp":"1691966361","microtimestamp":"1691966361137833","bids":[["29276","0.03970376"],["29275","0.69268418"],["29273","0.00223749"],["29272","0.68323728"],["29271","0.85199300"],["29270","0.68328275"],["29269","0.50298382"],["29268","0.63908936"],["29267","0.52500000"],["29266","0.06381970"],["29264","0.85226474"],["29263","1.20843367"],["29262","0.00298478"],["29261","0.63929320"],["29260","0.56500000"],["29259","0.00223891"],["29258","1.02533797"],["29257","3.85479694"],["29256","1.42882608"],["29255","0.00298573"],["29254","1.16449719"],["29253","0.04000000"],["29252","0.00223963"],["29251","0.52500000"],["29250","0.87583914"],["29249","2.26836976"],["29248","2.24698668"],["29247","0.63970140"],["29246","0.04000000"],["29245","3.11294034"],["29243","0.85503022"],["29242","3.05470000"],["29241","1.02891406"],["29240","0.63990560"],["29239","0.52500000"],["29238","0.00224106"],["29237","3.01081574"],["29236","1.39539877"],["29234","0.13890163"],["29233","0.64010991"],["29232","0.52500000"],["29231","3.78518764"],["29229","0.85725241"],["29228","0.52500000"],["29225","0.52500000"],["29224","2.57350000"],["29222","0.02501539"],["29221","0.52500000"],["29218","3.78518764"],["29216","5.73027032"],["29213","0.52500000"],["29210","2.92010000"],["29208","0.02000000"],["29207","0.52500000"],["29205","0.34240200"],["29204","0.00387891"],["29203","0.52500000"],["29201","0.00089038"],["29200","20.45778992"],["29197","0.52500000"],["29194","13.69370755"],["29193","0.00600000"],["29192","1.00000000"],["29191","0.52500000"],["29190","2.38110000"],["29186","0.52500000"],["29183","7.27300000"],["29181","0.81381544"],["29178","0.52500000"],["29177","0.00299550"],["29169","7.71972950"],["29165","13.67400000"],["29161","0.10000000"],["29157","4.26747060"],["29150","0.93260951"],["29146","0.34000000"],["29144","0.00220285"],["29140","0.80438163"],["29138","0.00346626"],["29128","0.00100000"],["29120","0.00586148"],["29119","14.48618970"],["29117","0.10000000"],["29111","0.01230428"],["29107","5.19179990"],["29106","0.00068508"],["29105","0.36600000"],["29101","0.00089344"],["29100","0.30407054"],["29088","0.03428788"],["29080","0.00037827"],["29077","0.17000000"],["29075","0.00340533"],["29060","0.10368203"],["29056","0.00068626"],["29051","0.10000000"],["29050","0.02000000"],["29049","0.25000000"],["29048","5.19179990"],["29047","0.00068647"]],"asks":[["29277","0.05246553"],["29278","1.36623149"],["29279","0.00685555"],["29281","0.72304317"],["29283","0.52500000"],["29286","0.52500000"],["29287","4.71092027"],["29288","0.25650072"],["29289","1.20786466"],["29290","0.50223596"],["29291","1.12703566"],["29292","0.01704539"],["29293","2.25836976"],["29294","0.52798070"],["29295","0.20068000"],["29296","1.74600000"],["29297","0.52723523"],["29300","0.52500000"],["29301","0.00297975"],["29302","0.28000000"],["29304","1.57023448"],["29305","2.73720000"],["29307","0.52500000"],["29308","0.00312953"],["29310","5.95554186"],["29311","1.54852731"],["29312","0.00297782"],["29314","4.38622047"],["29315","0.00223305"],["29317","0.63770928"],["29318","0.52500000"],["29319","2.56597702"],["29321","1.37513404"],["29322","0.00223265"],["29324","3.34430631"],["29325","0.52500000"],["29326","0.00297641"],["29328","4.31416349"],["29329","0.00223199"],["29331","1.16230344"],["29332","3.78518764"],["29333","4.12900148"],["29335","0.84959292"],["29336","0.52723123"],["29338","0.63710057"],["29339","0.52500000"],["29340","0.00297453"],["29342","0.84932274"],["29343","0.34079895"],["29344","0.52500000"],["29345","0.63689799"],["29347","0.52500000"],["29349","0.84905256"],["29350","0.52500000"],["29352","5.49169543"],["29353","0.52500000"],["29356","1.37378262"],["29359","1.16149300"],["29362","0.52500000"],["29365","0.52500000"],["29367","2.69270000"],["29368","0.52500000"],["29371","0.52500000"],["29383","7.25100000"],["29388","13.16870755"],["29421","0.00286833"],["29427","13.79300000"],["29431","0.72000000"],["29435","0.20000000"],["29445","7.72281419"],["29452","0.00367078"],["29460","0.00400465"],["29462","0.00688000"],["29471","0.00803000"],["29472","0.00294135"],["29476","5.19179990"],["29491","0.00655500"],["29500","2.26218012"],["29502","0.00306466"],["29507","14.47600000"],["29547","0.00342391"],["29582","0.00300000"],["29591","0.00067928"],["29600","3.00090000"],["29602","0.00338968"],["29625","0.00067782"],["29645","5.19179990"],["29648","0.00344104"],["29655","0.01660953"],["29662","0.00300000"],["29694","0.15524395"],["29700","0.40000000"],["29711","0.00067725"],["29717","0.00344104"],["29732","0.00400000"],["29736","0.00067667"],["29747","0.00067642"],["29750","0.96814331"],["29800","0.23696715"],["29801","0.00087581"]]},"channel":"order_book_btcusd","event":"data"}{"data":{"timestamp":"1691966361","microtimestamp":"1691966361231192","bids":[["29276","0.03970376"],["29275","0.69268418"],["29273","0.00223749"],["29272","1.36647456"],["29271","0.85199300"],["29270","0.68328275"],["29269","0.54298382"],["29268","0.63908936"],["29267","0.52500000"],["29266","0.06381970"],["29264","0.85226474"],["29263","1.20843367"],["29262","0.00298478"],["29261","0.63929320"],["29260","0.56500000"],["29259","0.00223891"],["29258","1.12782408"],["29257","3.85479694"],["29256","1.42882608"],["29255","0.00298573"],["29254","1.16449719"],["29253","0.12000000"],["29252","0.00223963"],["29251","0.52500000"],["29250","0.87583914"],["29249","2.26836976"],["29248","2.24698668"],["29247","0.63970140"],["29246","0.20000000"],["29245","3.11294034"],["29243","1.11124550"],["29242","3.05470000"],["29241","1.02891406"],["29240","0.63990560"],["29239","0.80500000"],["29238","0.00224106"],["29237","3.01081574"],["29236","1.39539877"],["29234","0.13890163"],["29233","0.64010991"],["29232","0.52500000"],["29231","3.78518764"],["29229","0.85725241"],["29228","1.89500000"],["29225","0.52500000"],["29224","2.57350000"],["29222","0.02501539"],["29221","0.52500000"],["29218","3.78518764"],["29216","5.73027032"],["29213","0.52500000"],["29210","2.92010000"],["29208","0.02000000"],["29207","0.52500000"],["29205","0.34240200"],["29204","0.00387891"],["29203","0.52500000"],["29201","0.00089038"],["29200","20.45778992"],["29197","0.52500000"],["29194","13.69370755"],["29193","0.00600000"],["29192","1.00000000"],["29191","0.52500000"],["29190","2.38110000"],["29186","0.52500000"],["29183","7.27300000"],["29181","0.81381544"],["29178","0.52500000"],["29177","0.00299550"],["29172","0.34000000"],["29169","7.71972950"],["29165","13.67400000"],["29161","0.10000000"],["29157","4.26747060"],["29150","0.93260951"],["29146","0.34000000"],["29144","0.00220285"],["29140","0.80438163"],["29138","0.00346626"],["29128","0.00100000"],["29120","0.00586148"],["29119","14.48618970"],["29117","0.10000000"],["29111","0.01230428"],["29107","5.19179990"],["29106","0.00068508"],["29105","0.36600000"],["29101","0.00089344"],["29100","0.30407054"],["29088","0.03428788"],["29080","0.00037827"],["29077","0.17000000"],["29075","0.00340533"],["29060","0.10368203"],["29056","0.00068626"],["29051","0.10000000"],["29050","0.02000000"],["29049","0.25000000"],["29048","5.19179990"]],"asks":[["29277","0.05246553"],["29278","1.36623149"],["29280","0.53185555"],["29281","0.72304317"],["29283","0.52500000"],["29286","0.62748611"],["29287","4.71092027"],["29288","0.25650072"],["29289","1.20786466"],["29290","0.50223596"],["29291","1.12703566"],["29292","0.01704539"],["29293","2.25836976"],["29294","0.52798070"],["29295","0.20068000"],["29296","1.74600000"],["29297","0.52723523"],["29300","0.52500000"],["29301","0.25919503"],["29302","0.28000000"],["29304","1.57023448"],["29305","2.73720000"],["29307","0.52500000"],["29308","0.00312953"],["29310","5.95554186"],["29311","1.54852731"],["29312","0.00297782"],["29314","4.38622047"],["29315","0.00223305"],["29317","2.00770928"],["29318","0.52500000"],["29319","2.56597702"],["29321","1.37513404"],["29322","0.00223265"],["29324","3.34430631"],["29325","0.52500000"],["29326","0.00297641"],["29328","4.31416349"],["29329","0.00223199"],["29331","1.16230344"],["29332","3.78518764"],["29333","4.12900148"],["29335","0.84959292"],["29336","0.52723123"],["29338","0.63710057"],["29339","0.52500000"],["29340","0.00297453"],["29342","0.84932274"],["29343","0.34079895"],["29344","0.52500000"],["29345","0.63689799"],["29347","0.52500000"],["29349","0.84905256"],["29350","0.52500000"],["29352","5.49169543"],["29353","0.52500000"],["29356","1.37378262"],["29359","1.16149300"],["29362","0.52500000"],["29365","0.52500000"],["29367","2.69270000"],["29368","0.52500000"],["29371","0.52500000"],["29383","7.25100000"],["29388","13.16870755"],["29421","0.00286833"],["29427","13.79300000"],["29431","0.72000000"],["29435","0.20000000"],["29445","7.72281419"],["29452","0.00367078"],["29460","0.00400465"],["29462","0.00688000"],["29471","0.00803000"],["29472","0.00294135"],["29476","5.19179990"],["29491","0.00655500"],["29500","2.26218012"],["29502","0.00306466"],["29507","14.47600000"],["29547","0.00342391"],["29582","0.00300000"],["29591","0.00067928"],["29600","3.00090000"],["29602","0.00338968"],["29625","0.00067782"],["29645","5.19179990"],["29648","0.00344104"],["29655","0.01660953"],["29662","0.00300000"],["29694","0.15524395"],["29700","0.40000000"],["29711","0.00067725"],["29717","0.00344104"],["29732","0.00400000"],["29736","0.00067667"],["29747","0.00067642"],["29750","0.96814331"],["29800","0.23696715"],["29801","0.00087581"]]},"channel":"order_book_btcusd","event":"data"}{"data":{"timestamp":"1691966361","microtimestamp":"1691966361336514","bids":[["29276","0.03970376"],["29275","0.69268418"],["29273","0.00223749"],["29272","1.36647456"],["29271","0.85199300"],["29270","0.68328275"],["29269","0.54298382"],["29268","0.63908936"],["29267","0.52500000"],["29266","0.06381970"],["29264","0.85226474"],["29263","1.20843367"],["29262","0.00298478"],["29261","0.63929320"],["29260","0.56500000"],["29259","0.00223891"],["29258","1.12782408"],["29257","3.85479694"],["29256","1.42882608"],["29255","0.00298573"],["29254","1.16449719"],["29253","0.12000000"],["29252","0.00223963"],["29251","0.52500000"],["29250","0.87583914"],["29249","2.26836976"],["29248","2.24698668"],["29247","0.63970140"],["29246","0.20000000"],["29245","3.11294034"],["29243","1.11124550"],["29242","3.05470000"],["29241","1.02891406"],["29240","0.63990560"],["29239","0.80500000"],["29238","0.00224106"],["29237","3.01081574"],["29236","1.39539877"],["29234","0.13890163"],["29233","0.64010991"],["29232","0.52500000"],["29231","3.78518764"],["29229","0.85725241"],["29228","1.89500000"],["29225","0.52500000"],["29224","2.57350000"],["29222","0.02501539"],["29221","0.52500000"],["29218","3.78518764"],["29216","5.73027032"],["29213","0.52500000"],["29210","2.92010000"],["29208","0.02000000"],["29207","0.52500000"],["29205","0.34240200"],["29204","0.00387891"],["29203","0.52500000"],["29201","0.00089038"],["29200","20.45778992"],["29197","0.52500000"],["29194","13.69370755"],["29193","0.00600000"],["29192","1.00000000"],["29191","0.52500000"],["29190","2.38110000"],["29186","0.52500000"],["29183","7.27300000"],["29181","0.81381544"],["29178","0.52500000"],["29177","0.00299550"],["29172","0.34000000"],["29169","7.71972950"],["29165","13.67400000"],["29161","0.10000000"],["29157","4.26747060"],["29150","0.93260951"],["29146","0.34000000"],["29144","0.00220285"],["29140","0.80438163"],["29138","0.00346626"],["29128","0.00100000"],["29120","0.00586148"],["29119","14.48618970"],["29117","0.10000000"],["29111","0.01230428"],["29107","5.19179990"],["29106","0.00068508"],["29105","0.36600000"],["29101","0.00089344"],["29100","0.30407054"],["29088","0.03428788"],["29080","0.00037827"],["29077","0.17000000"],["29075","0.00340533"],["29060","0.10368203"],["29056","0.00068626"],["29051","0.10000000"],["29050","0.02000000"],["29049","0.25000000"],["29048","5.19179990"]],"asks":[["29277","0.73559563"],["29278","0.68310938"],["29280","0.53185555"],["29281","0.72304317"],["29283","0.52500000"],["29286","0.62748611"],["29287","4.71092027"],["29288","0.25650072"],["29289","1.20786466"],["29290","0.50223596"],["29291","1.12703566"],["29292","0.01704539"],["29293","2.25836976"],["29294","0.52798070"],["29295","0.20068000"],["29296","1.74600000"],["29297","0.52723523"],["29300","0.52500000"],["29301","0.25919503"],["29302","0.28000000"],["29304","1.57023448"],["29305","2.73720000"],["29307","0.52500000"],["29308","0.00312953"],["29310","5.95554186"],["29311","1.54852731"],["29312","0.00297782"],["29314","4.38622047"],["29315","0.00223305"],["29317","2.00770928"],["29318","0.52500000"],["29319","2.56597702"],["29321","1.37513404"],["29322","0.00223265"],["29324","3.34430631"],["29325","0.52500000"],["29326","0.00297641"],["29328","4.31416349"],["29329","0.00223199"],["29331","1.16230344"],["29332","3.78518764"],["29333","4.12900148"],["29335","0.84959292"],["29336","0.52723123"],["29338","0.63710057"],["29339","0.52500000"],["29340","0.00297453"],["29342","0.84932274"],["29343","0.34079895"],["29344","0.52500000"],["29345","0.63689799"],["29347","0.52500000"],["29349","0.84905256"],["29350","0.52500000"],["29352","5.49169543"],["29353","0.52500000"],["29356","1.37378262"],["29359","1.16149300"],["29362","0.52500000"],["29365","0.52500000"],["29367","2.69270000"],["29368","0.52500000"],["29371","0.52500000"],["29383","7.25100000"],["29388","13.16870755"],["29421","0.00286833"],["29427","13.79300000"],["29431","0.72000000"],["29435","0.20000000"],["29445","7.72281419"],["29452","0.00367078"],["29460","0.00400465"],["29462","0.00688000"],["29471","0.00803000"],["29472","0.00294135"],["29476","5.19179990"],["29491","0.00655500"],["29500","2.26218012"],["29502","0.00306466"],["29507","14.47600000"],["29547","0.00342391"],["29582","0.00300000"],["29591","0.00067928"],["29600","3.00090000"],["29602","0.00338968"],["29625","0.00067782"],["29645","5.19179990"],["29648","0.00344104"],["29655","0.01660953"],["29662","0.00300000"],["29694","0.15524395"],["29700","0.40000000"],["29711","0.00067725"],["29717","0.00344104"],["29732","0.00400000"],["29736","0.00067667"],["29747","0.00067642"],["29750","0.96814331"],["29800","0.23696715"],["29801","0.00087581"]]},"channel":"order_book_btcusd","event":"data"}{"data":{"timestamp":"1691966361","microtimestamp":"1691966361431778","bids":[["29276","0.03970376"],["29275","0.69268418"],["29273","0.00223749"],["29271","0.85199300"],["29270","0.68328275"],["29269","0.00298382"],["29268","1.32241509"],["29267","0.56500000"],["29266","0.06381970"],["29264","0.85226474"],["29263","1.20843367"],["29262","0.00298478"],["29261","0.63929320"],["29260","0.56500000"],["29259","0.00223891"],["29258","1.02533797"],["29257","2.53795198"],["29256","1.42882608"],["29255","0.00298573"],["29254","1.16449719"],["29253","1.43684496"],["29252","0.00223963"],["29251","0.52500000"],["29250","0.87583914"],["29249","2.26836976"],["29248","2.24698668"],["29247","0.63970140"],["29246","0.20000000"],["29245","3.11294034"],["29243","1.11124550"],["29242","3.05470000"],["29241","1.02891406"],["29240","0.63990560"],["29239","0.80500000"],["29238","0.00224106"],["29237","3.01081574"],["29236","1.39539877"],["29234","0.13890163"],["29233","0.64010991"],["29232","0.52500000"],["29231","3.78518764"],["29229","0.85725241"],["29228","0.52500000"],["29226","1.37000000"],["29225","0.52500000"],["29224","2.57350000"],["29222","0.02501539"],["29221","0.52500000"],["29218","3.78518764"],["29216","5.73027032"],["29213","0.52500000"],["29210","2.92010000"],["29208","0.02000000"],["29207","0.52500000"],["29205","0.34240200"],["29204","0.00387891"],["29203","0.52500000"],["29201","0.00089038"],["29200","20.45778992"],["29197","0.52500000"],["29194","13.69370755"],["29193","0.00600000"],["29192","1.00000000"],["29191","0.52500000"],["29190","2.38110000"],["29186","0.52500000"],["29183","7.27300000"],["29181","0.81381544"],["29178","0.52500000"],["29177","0.00299550"],["29172","0.34000000"],["29169","7.71972950"],["29165","13.67400000"],["29161","0.10000000"],["29157","4.26747060"],["29150","0.93260951"],["29146","0.34000000"],["29144","0.00220285"],["29140","0.80438163"],["29138","0.00346626"],["29128","0.00100000"],["29120","0.00586148"],["29119","14.48618970"],["29117","0.10000000"],["29111","0.01230428"],["29107","5.19179990"],["29106","0.00068508"],["29105","0.36600000"],["29101","0.00089344"],["29100","0.30407054"],["29088","0.03428788"],["29080","0.00037827"],["29077","0.17000000"],["29075","0.00340533"],["29060","0.10368203"],["29056","0.00068626"],["29051","0.10000000"],["29050","0.02000000"],["29049","0.25000000"],["29048","5.19179990"]],"asks":[["29277","0.73559563"],["29278","0.68996493"],["29280","0.52500000"],["29281","0.04000000"],["29283","0.52500000"],["29286","0.52500000"],["29287","4.71092027"],["29288","0.25650072"],["29289","0.52500000"],["29290","0.50223596"],["29291","1.12703566"],["29292","0.01704539"],["29293","2.25836976"],["29294","0.52798070"],["29295","0.20068000"],["29296","1.74600000"],["29297","0.52723523"],["29300","0.52500000"],["29301","0.25919503"],["29302","0.28000000"],["29304","1.57023448"],["29305","2.73720000"],["29307","0.52500000"],["29308","0.00312953"],["29310","5.95554186"],["29311","1.54852731"],["29312","0.00297782"],["29314","4.38622047"],["29315","1.37223305"],["29317","0.63770928"],["29318","0.52500000"],["29319","2.56597702"],["29321","1.37513404"],["29322","0.00223265"],["29324","3.34430631"],["29325","0.52500000"],["29326","0.00297641"],["29328","4.31416349"],["29329","0.00223199"],["29331","1.16230344"],["29332","3.78518764"],["29333","4.12900148"],["29335","0.84959292"],["29336","0.52723123"],["29338","0.63710057"],["29339","0.52500000"],["29340","0.00297453"],["29342","0.84932274"],["29343","0.34079895"],["29344","0.52500000"],["29345","0.63689799"],["29347","0.52500000"],["29349","0.84905256"],["29350","0.52500000"],["29352","5.49169543"],["29353","0.52500000"],["29356","1.37378262"],["29359","1.16149300"],["29362","0.52500000"],["29365","0.52500000"],["29367","2.69270000"],["29368","0.52500000"],["29371","0.52500000"],["29383","7.25100000"],["29388","13.16870755"],["29421","0.00286833"],["29427","13.79300000"],["29431","0.72000000"],["29435","0.20000000"],["29445","7.72281419"],["29452","0.00367078"],["29460","0.00400465"],["29462","0.00688000"],["29471","0.00803000"],["29472","0.00294135"],["29476","5.19179990"],["29491","0.00655500"],["29500","2.26218012"],["29502","0.00306466"],["29507","14.47600000"],["29547","0.00342391"],["29582","0.00300000"],["29591","0.00067928"],["29600","3.00090000"],["29602","0.00338968"],["29625","0.00067782"],["29645","5.19179990"],["29648","0.00344104"],["29655","0.01660953"],["29662","0.00300000"],["29694","0.15524395"],["29700","0.40000000"],["29711","0.00067725"],["29717","0.00344104"],["29732","0.00400000"],["29736","0.00067667"],["29747","0.00067642"],["29750","0.96814331"],["29800","0.23696715"],["29801","0.00087581"]]},"channel":"order_book_btcusd","event":"data"}{"data":{"timestamp":"1691966361","microtimestamp":"1691966361553902","bids":[["29276","0.03970376"],["29275","0.69268418"],["29273","0.00223749"],["29271","0.85199300"],["29270","0.68328275"],["29269","0.00298382"],["29268","1.32241509"],["29267","0.56500000"],["29266","0.06381970"],["29264","0.85226474"],["29263","1.20843367"],["29262","0.00298478"],["29261","0.63929320"],["29260","0.56500000"],["29259","0.00223891"],["29258","1.02533797"],["29257","2.53795198"],["29256","1.42882608"],["29255","0.00298573"],["29254","1.16449719"],["29253","1.43684496"],["29252","0.00223963"],["29251","0.52500000"],["29250","0.87583914"],["29249","2.26836976"],["29248","2.24698668"],["29247","0.63970140"],["29246","0.20000000"],["29245","3.11294034"],["29243","1.11124550"],["29242","3.05470000"],["29241","1.02891406"],["29240","0.63990560"],["29239","0.80500000"],["29238","0.00224106"],["29237","3.01081574"],["29236","1.39539877"],["29234","0.13890163"],["29233","0.64010991"],["29232","0.52500000"],["29231","3.78518764"],["29229","0.85725241"],["29228","0.52500000"],["29226","1.37000000"],["29225","0.52500000"],["29224","2.57350000"],["29222","0.02501539"],["29221","0.52500000"],["29218","3.78518764"],["29216","5.73027032"],["29213","0.52500000"],["29210","2.92010000"],["29208","0.02000000"],["29207","0.52500000"],["29205","0.34240200"],["29204","0.00387891"],["29203","0.52500000"],["29201","0.00089038"],["29200","20.45778992"],["29197","0.52500000"],["29194","13.69370755"],["29193","0.00600000"],["29192","1.00000000"],["29191","0.52500000"],["29190","2.38110000"],["29186","0.52500000"],["29183","7.27300000"],["29181","0.81381544"],["29178","0.52500000"],["29177","0.00299550"],["29172","0.34000000"],["29169","7.71972950"],["29165","13.67400000"],["29161","0.10000000"],["29157","4.26747060"],["29150","0.93260951"],["29146","0.34000000"],["29144","0.00220285"],["29140","0.80438163"],["29138","0.00346626"],["29128","0.00100000"],["29120","0.00586148"],["29119","14.48618970"],["29117","0.10000000"],["29111","0.01230428"],["29107","5.19179990"],["29106","0.00068508"],["29105","0.36600000"],["29101","0.00089344"],["29100","0.30407054"],["29088","0.03428788"],["29080","0.00037827"],["29077","0.17000000"],["29075","0.00340533"],["29060","0.10368203"],["29056","0.00068626"],["29051","0.10000000"],["29050","0.02000000"],["29049","0.25000000"],["29048","5.19179990"]],"asks":[["29277","0.73559563"],["29278","1.37308861"],["29280","0.52500000"],["29281","0.04000000"],["29283","0.52500000"],["29285","0.68294810"],["29286","0.52500000"],["29287","4.71092027"],["29288","0.25650072"],["29289","0.52500000"],["29290","0.50223596"],["29291","1.12703566"],["29292","0.01704539"],["29293","2.25836976"],["29294","0.52798070"],["29295","0.20068000"],["29296","1.74600000"],["29297","0.52723523"],["29300","0.52500000"],["29301","0.25919503"],["29302","0.28000000"],["29304","1.57023448"],["29305","2.73720000"],["29307","0.52500000"],["29308","0.00312953"],["29310","5.95554186"],["29311","1.54852731"],["29312","0.00297782"],["29314","4.38622047"],["29315","1.37223305"],["29317","0.63770928"],["29318","0.52500000"],["29319","2.56597702"],["29321","1.37513404"],["29322","0.00223265"],["29324","3.34430631"],["29325","0.52500000"],["29326","0.00297641"],["29328","4.31416349"],["29329","0.00223199"],["29331","1.16230344"],["29332","3.78518764"],["29333","4.12900148"],["29335","0.84959292"],["29336","0.52723123"],["29338","0.63710057"],["29339","0.52500000"],["29340","0.00297453"],["29342","0.84932274"],["29343","0.34079895"],["29344","0.52500000"],["29345","0.63689799"],["29347","0.52500000"],["29349","0.84905256"],["29350","0.52500000"],["29352","5.49169543"],["29353","0.52500000"],["29356","1.37378262"],["29359","1.16149300"],["29362","0.52500000"],["29365","0.52500000"],["29367","2.69270000"],["29368","0.52500000"],["29371","0.52500000"],["29383","7.25100000"],["29388","13.16870755"],["29421","0.00286833"],["29427","13.79300000"],["29431","0.72000000"],["29435","0.20000000"],["29445","7.72281419"],["29452","0.00367078"],["29460","0.00400465"],["29462","0.00688000"],["29471","0.00803000"],["29472","0.00294135"],["29476","5.19179990"],["29491","0.00655500"],["29500","2.26218012"],["29502","0.00306466"],["29507","14.47600000"],["29547","0.00342391"],["29582","0.00300000"],["29591","0.00067928"],["29600","3.00090000"],["29602","0.00338968"],["29625","0.00067782"],["29645","5.19179990"],["29648","0.00344104"],["29655","0.01660953"],["29662","0.00300000"],["29694","0.15524395"],["29700","0.40000000"],["29711","0.00067725"],["29717","0.00344104"],["29732","0.00400000"],["29736","0.00067667"],["29747","0.00067642"],["29750","0.96814331"],["29800","0.23696715"]]},"channel":"order_book_btcusd","event":"data"}{"data":{"timestamp":"1691966361","microtimestamp":"1691966361631926","bids":[["29276","0.03970376"],["29275","0.69268418"],["29273","0.00223749"],["29271","0.85199300"],["29269","0.00298382"],["29268","0.63908936"],["29267","1.18336347"],["29266","0.10381970"],["29264","0.85226474"],["29263","1.20843367"],["29262","0.00298478"],["29261","0.63929320"],["29260","0.56500000"],["29259","0.00223891"],["29258","1.02533797"],["29257","2.53795198"],["29256","1.42882608"],["29255","0.00298573"],["29254","1.16449719"],["29253","1.43684496"],["29252","0.00223963"],["29251","0.52500000"],["29250","0.87583914"],["29249","2.26836976"],["29248","2.24698668"],["29247","0.63970140"],["29246","0.20000000"],["29245","3.11294034"],["29243","1.11124550"],["29242","3.05470000"],["29241","1.02891406"],["29240","0.63990560"],["29239","0.80500000"],["29238","0.00224106"],["29237","3.01081574"],["29236","1.39539877"],["29234","0.13890163"],["29233","0.64010991"],["29232","0.52500000"],["29231","3.78518764"],["29229","0.85725241"],["29228","0.52500000"],["29225","0.52500000"],["29224","2.57350000"],["29222","0.02501539"],["29221","0.52500000"],["29218","3.78518764"],["29216","5.73027032"],["29213","0.52500000"],["29210","2.92010000"],["29208","0.02000000"],["29207","0.52500000"],["29205","0.34240200"],["29204","0.00387891"],["29203","0.52500000"],["29201","0.00089038"],["29200","20.45778992"],["29197","0.52500000"],["29194","13.69370755"],["29193","0.00600000"],["29192","1.00000000"],["29191","0.52500000"],["29190","2.38110000"],["29186","0.52500000"],["29183","7.27300000"],["29181","0.81381544"],["29178","0.52500000"],["29177","0.00299550"],["29172","0.34000000"],["29169","7.71972950"],["29165","13.67400000"],["29161","0.10000000"],["29157","4.26747060"],["29150","0.93260951"],["29146","0.34000000"],["29144","0.00220285"],["29140","0.80438163"],["29138","0.00346626"],["29128","0.00100000"],["29120","0.00586148"],["29119","14.48618970"],["29117","0.10000000"],["29111","0.01230428"],["29107","5.19179990"],["29106","0.00068508"],["29105","0.36600000"],["29101","0.00089344"],["29100","0.30407054"],["29088","0.03428788"],["29080","0.00037827"],["29077","0.17000000"],["29075","0.00340533"],["29060","0.10368203"],["29056","0.00068626"],["29051","0.10000000"],["29050","0.02000000"],["29049","0.25000000"],["29048","5.19179990"],["29047","0.00068647"],["29043","0.04000000"]],"asks":[["29277","0.73559563"],["29278","1.37308861"],["29280","0.52500000"],["29281","0.04000000"],["29283","0.52500000"],["29285","0.68294810"],["29286","0.52500000"],["29287","4.71092027"],["29288","0.25650072"],["29289","0.52500000"],["29290","0.50223596"],["29291","1.12703566"],["29292","0.01704539"],["29293","2.25836976"],["29294","0.52798070"],["29295","0.20068000"],["29296","1.74600000"],["29297","0.52723523"],["29300","0.52500000"],["29301","0.25919503"],["29302","0.28000000"],["29304","1.57023448"],["29305","2.73720000"],["29307","0.52500000"],["29308","0.00312953"],["29310","5.95554186"],["29311","1.54852731"],["29312","0.00297782"],["29314","5.75622047"],["29315","0.00223305"],["29317","0.63770928"],["29318","0.52500000"],["29319","2.56597702"],["29321","1.37513404"],["29322","0.00223265"],["29324","3.34430631"],["29325","0.52500000"],["29326","0.00297641"],["29328","4.31416349"],["29329","0.00223199"],["29331","1.16230344"],["29332","3.78518764"],["29333","4.12900148"],["29335","0.84959292"],["29336","0.52723123"],["29338","0.63710057"],["29339","0.52500000"],["29340","0.00297453"],["29342","0.84932274"],["29343","0.34079895"],["29344","0.52500000"],["29345","0.63689799"],["29347","0.52500000"],["29349","0.84905256"],["29350","0.52500000"],["29352","5.49169543"],["29353","0.52500000"],["29356","1.37378262"],["29359","1.16149300"],["29362","0.52500000"],["29365","0.52500000"],["29367","2.69270000"],["29368","0.52500000"],["29371","0.52500000"],["29383","7.25100000"],["29388","13.16870755"],["29421","0.00286833"],["29427","13.79300000"],["29431","0.72000000"],["29435","0.20000000"],["29445","7.72281419"],["29452","0.00367078"],["29460","0.00400465"],["29462","0.00688000"],["29471","0.00803000"],["29472","0.00294135"],["29476","5.19179990"],["29491","0.00655500"],["29500","2.26218012"],["29502","0.00306466"],["29507","14.47600000"],["29547","0.00342391"],["29582","0.00300000"],["29591","0.00067928"],["29600","3.00090000"],["29602","0.00338968"],["29625","0.00067782"],["29645","5.19179990"],["29648","0.00344104"],["29655","0.01660953"],["29662","0.00300000"],["29694","0.15524395"],["29700","0.40000000"],["29711","0.00067725"],["29717","0.00344104"],["29732","0.00400000"],["29736","0.00067667"],["29747","0.00067642"],["29750","0.96814331"],["29800","0.23696715"]]},"channel":"order_book_btcusd","event":"data"}